date_request;price.mainValue;property.netHabitableSurface;property.type;property.roomCount;cd_sector;nb_chambres
2024-04-19T14:36:54Z;529;110;HOUSE;NA;21018A63-;NA
2024-04-19T14:36:54Z;195;75;APARTMENT;NA;NA;NA
2024-04-19T14:36:54Z;590;250;HOUSE;NA;NA;NA
2024-04-19T14:36:54Z;375;88;APARTMENT;NA;21015A52-;NA
2024-04-19T14:36:54Z;210;110;APARTMENT;NA;NA;NA
2024-04-19T14:36:54Z;149;70;APARTMENT;NA;NA;NA
2024-04-19T14:36:54Z;490;220;HOUSE;NA;NA;NA
2024-04-19T14:36:54Z;440;225;HOUSE;NA;NA;NA
2024-04-19T14:36:54Z;299;146;APARTMENT;NA;NA;NA
2024-04-19T14:36:54Z;149;70;APARTMENT;NA;NA;NA
2024-04-19T14:36:54Z;255;88;APARTMENT;NA;NA;NA
2024-04-19T14:36:54Z;249;116;APARTMENT;NA;NA;NA
2024-04-19T14:36:54Z;469;250;HOUSE;NA;NA;NA
2024-04-19T14:36:54Z;329;130;APARTMENT;NA;NA;NA
2024-04-19T14:36:54Z;395;190;APARTMENT;NA;NA;NA
2024-04-19T14:36:54Z;179;50;APARTMENT;NA;NA;NA
2024-04-19T14:36:54Z;295;140;APARTMENT;NA;NA;NA
2024-04-19T14:36:54Z;800;280;HOUSE;NA;NA;NA
2024-04-19T14:36:54Z;275;90;APARTMENT;NA;NA;NA
2024-04-19T14:36:54Z;800;280;HOUSE;NA;NA;NA
2024-04-19T14:36:54Z;229;90;APARTMENT;NA;NA;NA
2024-04-19T14:36:54Z;430;250;HOUSE;NA;NA;NA
2024-04-19T14:36:54Z;329;130;APARTMENT;NA;NA;NA
2024-04-19T14:36:54Z;250;135;APARTMENT;NA;NA;NA
2024-04-19T14:36:54Z;299;146;APARTMENT;NA;NA;NA
2024-04-19T14:36:54Z;159;65;APARTMENT;NA;NA;NA
2024-04-19T14:36:54Z;395;190;APARTMENT;NA;NA;NA
2024-04-19T14:36:54Z;800;280;HOUSE;NA;NA;NA
2024-04-19T14:36:54Z;249;116;APARTMENT;NA;NA;NA
2024-04-19T14:36:54Z;250;135;APARTMENT;NA;NA;NA
2024-04-19T14:36:54Z;800;280;HOUSE;NA;NA;NA
2024-04-19T14:36:59Z;379;180;HOUSE;NA;NA;NA
2024-04-19T14:36:59Z;230;50;APARTMENT;NA;NA;NA
2024-04-19T14:36:59Z;310;80;APARTMENT;NA;NA;NA
2024-04-19T14:36:59Z;278;80;APARTMENT;NA;NA;NA
2024-04-19T14:36:59Z;360;87;APARTMENT;NA;NA;NA
2024-04-19T14:36:59Z;1455;320;HOUSE;NA;NA;NA
2024-04-19T14:36:59Z;360;93;APARTMENT;NA;NA;NA
2024-04-19T14:36:59Z;269;90;APARTMENT;NA;NA;NA
2024-04-19T14:36:59Z;560;100;APARTMENT;NA;NA;NA
2024-04-19T14:36:59Z;560;100;APARTMENT;NA;NA;NA
2024-04-19T14:36:59Z;610;130;APARTMENT;NA;NA;NA
2024-04-19T14:36:59Z;550;138;APARTMENT;NA;NA;NA
2024-04-19T14:36:59Z;455;98;APARTMENT;NA;NA;NA
2024-04-19T14:36:59Z;135;28;APARTMENT;NA;NA;NA
2024-04-19T14:36:59Z;135;28;APARTMENT;NA;NA;NA
2024-04-19T14:36:59Z;315;58;APARTMENT;NA;NA;NA
2024-04-19T14:36:59Z;220;70;APARTMENT;NA;NA;NA
2024-04-19T14:36:59Z;499;130;APARTMENT;NA;NA;NA
2024-04-19T14:36:59Z;450;90;APARTMENT;NA;NA;NA
2024-04-19T14:36:59Z;315;58;APARTMENT;NA;NA;NA
2024-04-19T14:36:59Z;1850;1200;HOUSE;NA;NA;NA
2024-04-19T14:36:59Z;450;90;APARTMENT;NA;NA;NA
2024-04-19T14:36:59Z;950;400;HOUSE;NA;NA;NA
2024-04-19T14:36:59Z;455;98;APARTMENT;NA;NA;NA
2024-04-19T14:36:59Z;465;130;HOUSE;NA;NA;NA
2024-04-19T14:36:59Z;550;138;APARTMENT;NA;NA;NA
2024-04-19T14:36:59Z;399;75;APARTMENT;NA;NA;NA
2024-04-19T14:36:59Z;1995;540;HOUSE;NA;NA;NA
2024-04-19T14:36:59Z;395;219;HOUSE;NA;NA;NA
2024-04-19T14:36:59Z;210;63;APARTMENT;NA;NA;NA
2024-04-19T14:37:04Z;400;119;HOUSE;NA;21019A41-;NA
2024-04-19T14:37:04Z;230;77;APARTMENT;NA;21019A32-;NA
2024-04-19T14:37:04Z;399;150;HOUSE;NA;21004A02-;NA
2024-04-19T14:37:04Z;335;105;APARTMENT;NA;NA;NA
2024-04-19T14:37:04Z;424;102;APARTMENT;NA;NA;NA
2024-04-19T14:37:04Z;369;96;APARTMENT;NA;NA;NA
2024-04-19T14:37:04Z;450;180;HOUSE;NA;21006A001;NA
2024-04-19T14:37:04Z;350;NA;APARTMENT;NA;21008A00-;NA
2024-04-19T14:37:04Z;350;NA;APARTMENT;NA;21008A00-;NA
2024-04-19T14:37:04Z;275;82;APARTMENT;NA;21015A50-;NA
2024-04-19T14:37:04Z;195;60;APARTMENT;NA;21012A30-;NA
2024-04-19T14:37:04Z;475;85;APARTMENT;NA;21005A20-;NA
2024-04-19T14:37:04Z;170;50;APARTMENT;NA;21006A22-;NA
2024-04-19T14:37:04Z;890;400;HOUSE;23;NA;10+
2024-04-19T14:37:04Z;999;330;APARTMENT;NA;21012A60-;NA
2024-04-19T14:37:04Z;259;72;APARTMENT;NA;NA;NA
2024-04-19T14:37:04Z;118;52;APARTMENT;NA;NA;NA
2024-04-19T14:37:04Z;118;52;APARTMENT;NA;NA;NA
2024-04-19T14:37:04Z;540;135;APARTMENT;NA;NA;NA
2024-04-19T14:37:04Z;139;68;APARTMENT;NA;21001A31-;NA
2024-04-19T14:37:04Z;299;83;APARTMENT;8;NA;8
2024-04-19T14:37:04Z;290;85;APARTMENT;NA;21015A36-;NA
2024-04-19T14:37:04Z;330;112;APARTMENT;NA;21015A36-;NA
2024-04-19T14:37:04Z;265;87;APARTMENT;NA;NA;NA
2024-04-19T14:37:04Z;155;51;APARTMENT;NA;21001A32-;NA
2024-04-19T14:37:04Z;199;75;APARTMENT;3;NA;3
2024-04-19T14:37:04Z;220;88;APARTMENT;NA;NA;NA
2024-04-19T14:37:04Z;595;163;APARTMENT;NA;21005A00-;NA
2024-04-19T14:37:04Z;295;90;APARTMENT;NA;NA;NA
2024-04-19T14:37:04Z;175;42;APARTMENT;NA;NA;NA
2024-04-19T14:37:10Z;225;66;APARTMENT;NA;21002A311;NA
2024-04-19T14:37:10Z;285;78;APARTMENT;NA;21004A3MJ;NA
2024-04-19T14:37:10Z;475;153;HOUSE;NA;21008A34-;NA
2024-04-19T14:37:10Z;526;130;APARTMENT;NA;NA;NA
2024-04-19T14:37:10Z;215;75;APARTMENT;3;NA;3
2024-04-19T14:37:10Z;225;NA;HOUSE;NA;NA;NA
2024-04-19T14:37:10Z;975;650;HOUSE;NA;21015A05-;NA
2024-04-19T14:37:10Z;345;85;HOUSE;NA;21015A04-;NA
2024-04-19T14:37:10Z;249;89;APARTMENT;NA;NA;NA
2024-04-19T14:37:10Z;215;103;APARTMENT;NA;21001A051;NA
2024-04-19T14:37:10Z;370;142;APARTMENT;NA;NA;NA
2024-04-19T14:37:10Z;365;140;HOUSE;NA;21004E12-;NA
2024-04-19T14:37:10Z;220;60;APARTMENT;6;NA;6
2024-04-19T14:37:10Z;220;60;APARTMENT;6;NA;6
2024-04-19T14:37:10Z;289;75;APARTMENT;NA;21006A403;NA
2024-04-19T14:37:10Z;460;146;APARTMENT;NA;21001A90-;NA
2024-04-19T14:37:10Z;195;75;APARTMENT;NA;NA;NA
2024-04-19T14:37:10Z;179;50;APARTMENT;NA;NA;NA
2024-04-19T14:37:10Z;409;237;HOUSE;NA;NA;NA
2024-04-19T14:37:10Z;235;55;APARTMENT;NA;21016A00-;NA
2024-04-19T14:37:10Z;230;55;APARTMENT;NA;21016A00-;NA
2024-04-19T14:37:10Z;850;320;HOUSE;NA;NA;NA
2024-04-19T14:37:10Z;315;NA;APARTMENT;NA;NA;NA
2024-04-19T14:37:10Z;499;NA;HOUSE;NA;NA;NA
2024-04-19T14:37:10Z;160;31;APARTMENT;NA;21015A831;NA
2024-04-19T14:37:10Z;325;103;APARTMENT;NA;21016A44-;NA
2024-04-19T14:37:10Z;250;62;APARTMENT;NA;NA;NA
2024-04-19T14:37:10Z;595;193;APARTMENT;NA;NA;NA
2024-04-19T14:37:10Z;430;250;HOUSE;NA;NA;NA
2024-04-19T14:37:10Z;580;145;APARTMENT;NA;NA;NA
2024-04-19T14:37:15Z;259;NA;APARTMENT;NA;NA;NA
2024-04-19T14:37:15Z;210;NA;APARTMENT;4;NA;4
2024-04-19T14:37:15Z;375;101;APARTMENT;NA;NA;NA
2024-04-19T14:37:15Z;549;185;HOUSE;NA;NA;NA
2024-04-19T14:37:15Z;265;78;APARTMENT;NA;21010A1AJ;NA
2024-04-19T14:37:15Z;1780;805;HOUSE;14;NA;10+
2024-04-19T14:37:15Z;519;198;HOUSE;NA;21012A26-;NA
2024-04-19T14:37:15Z;545;210;HOUSE;NA;21003A10-;NA
2024-04-19T14:37:15Z;299;88;APARTMENT;NA;NA;NA
2024-04-19T14:37:15Z;495;175;APARTMENT;NA;NA;NA
2024-04-19T14:37:15Z;300;NA;APARTMENT;NA;21015A63-;NA
2024-04-19T14:37:15Z;165;53;APARTMENT;NA;21001A81-;NA
2024-04-19T14:37:15Z;245;75;APARTMENT;NA;21006A13-;NA
2024-04-19T14:37:15Z;4600;600;HOUSE;NA;NA;NA
2024-04-19T14:37:15Z;235;90;APARTMENT;NA;21004E83-;NA
2024-04-19T14:37:15Z;845;240;HOUSE;NA;21016A521;NA
2024-04-19T14:37:15Z;250;91;APARTMENT;NA;21012A851;NA
2024-04-19T14:37:15Z;780;245;HOUSE;NA;NA;NA
2024-04-19T14:37:15Z;245;90;APARTMENT;NA;21015A20-;NA
2024-04-19T14:37:15Z;225;60;APARTMENT;NA;21013A41-;NA
2024-04-19T14:37:15Z;399;360;HOUSE;NA;NA;NA
2024-04-19T14:37:15Z;1850;350;HOUSE;NA;NA;NA
2024-04-19T14:37:15Z;4600;600;HOUSE;NA;NA;NA
2024-04-19T14:37:15Z;4600;600;HOUSE;NA;NA;NA
2024-04-19T14:37:15Z;495;105;APARTMENT;2;21018A37-;2
2024-04-19T14:37:15Z;630;158;HOUSE;2;21018A37-;2
2024-04-19T14:37:15Z;730;186;HOUSE;2;21018A37-;2
2024-04-19T14:37:15Z;655;174;HOUSE;2;21018A37-;2
2024-04-19T14:37:15Z;295;NA;APARTMENT;2;21018A37-;2
2024-04-19T14:37:21Z;275;NA;APARTMENT;2;21018A37-;2
2024-04-19T14:37:21Z;NA;NA;APARTMENT;NA;21018A37-;NA
2024-04-19T14:37:21Z;NA;NA;HOUSE;NA;21018A37-;NA
2024-04-19T14:37:21Z;215;63;APARTMENT;NA;NA;NA
2024-04-19T14:37:21Z;540;NA;APARTMENT;7;NA;7
2024-04-19T14:37:21Z;300;120;APARTMENT;NA;NA;NA
2024-04-19T14:37:21Z;249;78;APARTMENT;NA;21016A02-;NA
2024-04-19T14:37:21Z;269;74;APARTMENT;NA;21016A02-;NA
2024-04-19T14:37:21Z;3950;850;HOUSE;NA;NA;NA
2024-04-19T14:37:21Z;4300;580;HOUSE;NA;NA;NA
2024-04-19T14:37:21Z;995;325;HOUSE;7;NA;7
2024-04-19T14:37:21Z;529;270;HOUSE;NA;21004E233;NA
2024-04-19T14:37:21Z;995;325;HOUSE;NA;NA;NA
2024-04-19T14:37:21Z;1200;165;APARTMENT;NA;21004A13-;NA
2024-04-19T14:37:21Z;850;225;APARTMENT;NA;21016A342;NA
2024-04-19T14:37:21Z;375;110;APARTMENT;NA;21007A73-;NA
2024-04-19T14:37:21Z;525;90;APARTMENT;NA;21004A01-;NA
2024-04-19T14:37:21Z;490;90;APARTMENT;NA;21009A40-;NA
2024-04-19T14:37:21Z;289;95;APARTMENT;NA;NA;NA
2024-04-19T14:37:21Z;239;80;APARTMENT;NA;NA;NA
2024-04-19T14:37:21Z;495;NA;APARTMENT;NA;21004C501;NA
2024-04-19T14:37:21Z;595;227;APARTMENT;NA;NA;NA
2024-04-19T14:37:21Z;795;320;HOUSE;NA;NA;NA
2024-04-19T14:37:21Z;2225;765;HOUSE;NA;NA;NA
2024-04-19T14:37:21Z;370;100;APARTMENT;NA;21018A3MJ;NA
2024-04-19T14:37:21Z;785;225;HOUSE;NA;21013A01-;NA
2024-04-19T14:37:21Z;325;115;HOUSE;NA;21004E70-;NA
2024-04-19T14:37:21Z;1090;310;HOUSE;NA;21009A42-;NA
2024-04-19T14:37:21Z;199;90;APARTMENT;7;21013A23-;7
2024-04-19T14:37:21Z;329;105;APARTMENT;NA;NA;NA
2024-04-19T14:37:27Z;550;NA;APARTMENT;3;NA;3
2024-04-19T14:37:27Z;230;54;APARTMENT;NA;NA;NA
2024-04-19T14:37:27Z;425;99;APARTMENT;NA;NA;NA
2024-04-19T14:37:27Z;340;80;APARTMENT;NA;NA;NA
2024-04-19T14:37:27Z;439;113;APARTMENT;NA;21004A23-;NA
2024-04-19T14:37:27Z;399;80;APARTMENT;NA;21005A311;NA
2024-04-19T14:37:27Z;1785;743;HOUSE;NA;NA;NA
2024-04-19T14:37:27Z;239;70;APARTMENT;NA;NA;NA
2024-04-19T14:37:27Z;208;68;APARTMENT;NA;NA;NA
2024-04-19T14:37:27Z;310;75;APARTMENT;NA;NA;NA
2024-04-19T14:37:27Z;450;135;APARTMENT;NA;21010A21-;NA
2024-04-19T14:37:27Z;795;366;HOUSE;NA;NA;NA
2024-04-19T14:37:27Z;225;56;APARTMENT;NA;21009A23-;NA
2024-04-19T14:37:27Z;310;78;APARTMENT;NA;21004A811;NA
2024-04-19T14:37:27Z;350;92;APARTMENT;NA;21004A811;NA
2024-04-19T14:37:27Z;275;79;APARTMENT;NA;21004A811;NA
2024-04-19T14:37:27Z;1350;320;HOUSE;NA;21014A02-;NA
2024-04-19T14:37:27Z;499;NA;HOUSE;NA;NA;NA
2024-04-19T14:37:27Z;499;NA;HOUSE;NA;NA;NA
2024-04-19T14:37:27Z;225;60;APARTMENT;NA;21018A20-;NA
2024-04-19T14:37:27Z;189;33;APARTMENT;NA;21004A35-;NA
2024-04-19T14:37:27Z;335;73;APARTMENT;NA;21018A43-;NA
2024-04-19T14:37:27Z;225;59;APARTMENT;NA;21004A811;NA
2024-04-19T14:37:27Z;226;55;APARTMENT;NA;21004D62-;NA
2024-04-19T14:37:27Z;750;245;HOUSE;NA;21004B44-;NA
2024-04-19T14:37:27Z;204;90;APARTMENT;NA;21010A111;NA
2024-04-19T14:37:27Z;189;90;APARTMENT;NA;21010A111;NA
2024-04-19T14:37:27Z;229;90;APARTMENT;NA;21010A10-;NA
2024-04-19T14:37:27Z;159;54;APARTMENT;NA;21012A60-;NA
2024-04-19T14:37:27Z;285;94;APARTMENT;NA;21016A64-;NA
2024-04-19T14:37:33Z;199;NA;APARTMENT;NA;NA;NA
2024-04-19T14:37:33Z;849;288;HOUSE;NA;21015A05-;NA
2024-04-19T14:37:33Z;135;28;APARTMENT;NA;NA;NA
2024-04-19T14:37:33Z;135;28;APARTMENT;NA;NA;NA
2024-04-19T14:37:33Z;695;326;HOUSE;NA;21004E73-;NA
2024-04-19T14:37:33Z;790;225;HOUSE;NA;NA;NA
2024-04-19T14:37:33Z;790;225;HOUSE;NA;NA;NA
2024-04-19T14:37:33Z;420;NA;HOUSE;NA;21009A53-;NA
2024-04-19T14:37:33Z;420;160;HOUSE;3;NA;3
2024-04-19T14:37:33Z;790;177;APARTMENT;2;NA;2
2024-04-19T14:37:33Z;790;177;APARTMENT;2;NA;2
2024-04-19T14:37:33Z;175;43;APARTMENT;NA;NA;NA
2024-04-19T14:37:33Z;285;102;APARTMENT;NA;NA;NA
2024-04-19T14:37:33Z;310;111;APARTMENT;NA;NA;NA
2024-04-19T14:37:33Z;695;300;HOUSE;NA;NA;NA
2024-04-19T14:37:33Z;65;70;APARTMENT;NA;21016A02-;NA
2024-04-19T14:37:33Z;265;57;APARTMENT;NA;NA;NA
2024-04-19T14:37:33Z;450;125;APARTMENT;NA;NA;NA
2024-04-19T14:37:33Z;245;118;APARTMENT;NA;21015A53-;NA
2024-04-19T14:37:33Z;185;38;APARTMENT;NA;21015A53-;NA
2024-04-19T14:37:33Z;420;100;APARTMENT;NA;NA;NA
2024-04-19T14:37:33Z;229;159;APARTMENT;NA;NA;NA
2024-04-19T14:37:33Z;575;NA;HOUSE;NA;NA;NA
2024-04-19T14:37:33Z;950;330;HOUSE;NA;21004E14-;NA
2024-04-19T14:37:33Z;239;80;APARTMENT;3;NA;3
2024-04-19T14:37:33Z;230;83;APARTMENT;NA;21001B21-;NA
2024-04-19T14:37:33Z;220;89;APARTMENT;NA;NA;NA
2024-04-19T14:37:33Z;127;50;APARTMENT;NA;NA;NA
2024-04-19T14:37:33Z;129;50;APARTMENT;NA;NA;NA
2024-04-19T14:37:33Z;256;NA;APARTMENT;NA;NA;NA
2024-04-19T14:37:38Z;220;65;APARTMENT;2;NA;2
2024-04-19T14:37:38Z;294;91;APARTMENT;NA;21004E72-;NA
2024-04-19T14:37:38Z;460;146;APARTMENT;NA;21004D62-;NA
2024-04-19T14:37:38Z;200;110;APARTMENT;8;NA;8
2024-04-19T14:37:38Z;1990;500;HOUSE;8;NA;8
2024-04-19T14:37:38Z;1350;320;HOUSE;NA;21014A02-;NA
2024-04-19T14:37:38Z;NA;NA;APARTMENT;NA;NA;NA
2024-04-19T14:37:38Z;535;123;APARTMENT;NA;21004E72-;NA
2024-04-19T14:37:38Z;420;200;HOUSE;NA;21015A44-;NA
2024-04-19T14:37:38Z;540;145;APARTMENT;6;NA;6
2024-04-19T14:37:38Z;185;63;APARTMENT;NA;NA;NA
2024-04-19T14:37:38Z;185;59;APARTMENT;NA;NA;NA
2024-04-19T14:37:38Z;290;110;APARTMENT;NA;NA;NA
2024-04-19T14:37:38Z;364;115;APARTMENT;NA;21015A12-;NA
2024-04-19T14:37:38Z;400;100;APARTMENT;6;NA;6
2024-04-19T14:37:38Z;200;130;HOUSE;NA;NA;NA
2024-04-19T14:37:38Z;540;137;APARTMENT;NA;NA;NA
2024-04-19T14:37:38Z;595;236;APARTMENT;NA;NA;NA
2024-04-19T14:37:38Z;449;168;APARTMENT;NA;21004A33-;NA
2024-04-19T14:37:38Z;560;160;APARTMENT;NA;NA;NA
2024-04-19T14:37:38Z;295;110;APARTMENT;NA;21012A822;NA
2024-04-19T14:37:38Z;2300;530;HOUSE;NA;NA;NA
2024-04-19T14:37:38Z;2300;530;HOUSE;NA;NA;NA
2024-04-19T14:37:38Z;165;70;APARTMENT;NA;NA;NA
2024-04-19T14:37:38Z;149;67;APARTMENT;NA;NA;NA
2024-04-19T14:37:38Z;155;47;APARTMENT;NA;NA;NA
2024-04-19T14:37:38Z;345;NA;APARTMENT;6;NA;6
2024-04-19T14:37:38Z;320;90;APARTMENT;NA;NA;NA
2024-04-19T14:37:38Z;382;115;APARTMENT;NA;21017A41-;NA
2024-04-19T14:37:38Z;685;280;HOUSE;NA;NA;NA
2024-04-19T14:37:43Z;685;280;HOUSE;NA;NA;NA
2024-04-19T14:37:43Z;1050;340;HOUSE;6;NA;6
2024-04-19T14:37:43Z;395;82;APARTMENT;NA;21009A552;NA
2024-04-19T14:37:43Z;220;35;APARTMENT;NA;NA;NA
2024-04-19T14:37:43Z;399;85;APARTMENT;NA;NA;NA
2024-04-19T14:37:43Z;259;90;APARTMENT;4;NA;4
2024-04-19T14:37:43Z;2950;872;HOUSE;NA;NA;NA
2024-04-19T14:37:43Z;290;NA;APARTMENT;5;NA;5
2024-04-19T14:37:43Z;180;69;APARTMENT;NA;21001A31-;NA
2024-04-19T14:37:43Z;275;58;APARTMENT;NA;21016A82-;NA
2024-04-19T14:37:43Z;1800;260;APARTMENT;NA;21013A51-;NA
2024-04-19T14:37:43Z;695;181;APARTMENT;NA;NA;NA
2024-04-19T14:37:43Z;195;NA;APARTMENT;4;NA;4
2024-04-19T14:37:43Z;190;33;APARTMENT;3;NA;3
2024-04-19T14:37:43Z;330;97;APARTMENT;NA;21016A042;NA
2024-04-19T14:37:43Z;370;80;APARTMENT;NA;21004D62-;NA
2024-04-19T14:37:43Z;850;330;HOUSE;NA;21016A44-;NA
2024-04-19T14:37:43Z;1095;227;APARTMENT;NA;NA;NA
2024-04-19T14:37:43Z;1100;270;HOUSE;NA;NA;NA
2024-04-19T14:37:43Z;590;166;APARTMENT;3;21016A12-;3
2024-04-19T14:37:43Z;239;62;APARTMENT;NA;21015A64-;NA
2024-04-19T14:37:43Z;179;62;APARTMENT;NA;NA;NA
2024-04-19T14:37:43Z;445;65;APARTMENT;NA;21004C501;NA
2024-04-19T14:37:43Z;545;NA;APARTMENT;NA;NA;NA
2024-04-19T14:37:43Z;295;NA;APARTMENT;NA;NA;NA
2024-04-19T14:37:43Z;360;160;HOUSE;NA;NA;NA
2024-04-19T14:37:43Z;295;NA;HOUSE;11;NA;10+
2024-04-19T14:37:43Z;259;70;APARTMENT;NA;21004F922;NA
2024-04-19T14:37:43Z;110;50;APARTMENT;NA;21015A612;NA
2024-04-19T14:37:43Z;200;90;APARTMENT;NA;21004D64-;NA
2024-04-19T14:37:48Z;440;89;APARTMENT;NA;21009A53-;NA
2024-04-19T14:37:48Z;535;268;HOUSE;NA;NA;NA
2024-04-19T14:37:48Z;295;169;APARTMENT;NA;NA;NA
2024-04-19T14:37:48Z;2195;540;HOUSE;6;NA;6
2024-04-19T14:37:48Z;1990;635;HOUSE;6;NA;6
2024-04-19T14:37:48Z;895;450;HOUSE;NA;NA;NA
2024-04-19T14:37:48Z;750;240;APARTMENT;NA;NA;NA
2024-04-19T14:37:48Z;750;240;APARTMENT;NA;NA;NA
2024-04-19T14:37:48Z;435;110;APARTMENT;NA;21018A3MJ;NA
2024-04-19T14:37:48Z;425;100;APARTMENT;NA;21018A3MJ;NA
2024-04-19T14:37:48Z;396.4;84;APARTMENT;NA;NA;NA
2024-04-19T14:37:48Z;210;83;APARTMENT;NA;21016A02-;NA
2024-04-19T14:37:48Z;1200;NA;HOUSE;NA;NA;NA
2024-04-19T14:37:48Z;1200;NA;HOUSE;NA;NA;NA
2024-04-19T14:37:48Z;435;143;HOUSE;NA;21001C512;NA
2024-04-19T14:37:48Z;480;165;HOUSE;NA;NA;NA
2024-04-19T14:37:48Z;230;80;APARTMENT;NA;21004A35-;NA
2024-04-19T14:37:48Z;415;81;APARTMENT;NA;21009A41-;NA
2024-04-19T14:37:48Z;390;175;HOUSE;NA;21015A04-;NA
2024-04-19T14:37:48Z;389;107;APARTMENT;NA;21007A73-;NA
2024-04-19T14:37:48Z;570;188;APARTMENT;NA;21009A73-;NA
2024-04-19T14:37:48Z;235;71;APARTMENT;NA;21016A00-;NA
2024-04-19T14:37:48Z;790;175;APARTMENT;NA;21004A13-;NA
2024-04-19T14:37:48Z;325;93;APARTMENT;4;NA;4
2024-04-19T14:37:48Z;235;139;APARTMENT;1;NA;1
2024-04-19T14:37:48Z;1080;280;HOUSE;11;21016A82-;10+
2024-04-19T14:37:48Z;1990;416;HOUSE;7;NA;7
2024-04-19T14:37:48Z;195;NA;APARTMENT;5;21007A142;5
2024-04-19T14:37:48Z;460;175;HOUSE;NA;NA;NA
2024-04-19T14:37:48Z;285;79;APARTMENT;NA;21004A3MJ;NA
2024-04-19T14:37:52Z;595;165;APARTMENT;NA;NA;NA
2024-04-19T14:37:52Z;599;200;HOUSE;NA;NA;NA
2024-04-19T14:37:52Z;340;70;APARTMENT;NA;NA;NA
2024-04-19T14:37:52Z;440;NA;APARTMENT;NA;NA;NA
2024-04-19T14:37:52Z;529;220;HOUSE;NA;21004E12-;NA
2024-04-19T14:37:52Z;249;93;APARTMENT;NA;NA;NA
2024-04-19T14:37:52Z;1200;721;HOUSE;NA;21004A33-;NA
2024-04-19T14:37:52Z;550;179;APARTMENT;NA;21016A933;NA
2024-04-19T14:37:52Z;345;82;APARTMENT;NA;NA;NA
2024-04-19T14:37:52Z;195;43;APARTMENT;NA;21004A35-;NA
2024-04-19T14:37:52Z;189;79;APARTMENT;NA;21004E74-;NA
2024-04-19T14:37:52Z;419;100;APARTMENT;NA;NA;NA
2024-04-19T14:37:52Z;339;140;HOUSE;NA;NA;NA
2024-04-19T14:37:52Z;329;100;APARTMENT;NA;21004A03-;NA
2024-04-19T14:37:52Z;119;41;APARTMENT;NA;21010A05-;NA
2024-04-19T14:37:52Z;119;40;APARTMENT;NA;21010A05-;NA
2024-04-19T14:37:52Z;279;72;APARTMENT;NA;21004B2MJ;NA
2024-04-19T14:37:52Z;495;180;APARTMENT;NA;21016A429;NA
2024-04-19T14:37:52Z;670;400;HOUSE;NA;21008A10-;NA
2024-04-19T14:37:52Z;620;125;APARTMENT;NA;21018A33-;NA
2024-04-19T14:37:52Z;155;30;APARTMENT;NA;NA;NA
2024-04-19T14:37:52Z;560;185;HOUSE;NA;23101A411;NA
2024-04-19T14:37:52Z;325;212;HOUSE;NA;21012A72-;NA
2024-04-19T14:37:52Z;189;50;APARTMENT;NA;21018A87-;NA
2024-04-19T14:37:52Z;374;101;APARTMENT;NA;NA;NA
2024-04-19T14:37:52Z;320;101;APARTMENT;NA;23098A04-;NA
2024-04-19T14:37:52Z;399;66;APARTMENT;5;NA;5
2024-04-19T14:37:52Z;261;83;APARTMENT;NA;NA;NA
2024-04-19T14:37:52Z;849;NA;APARTMENT;NA;NA;NA
2024-04-19T14:37:52Z;525;97;APARTMENT;NA;NA;NA
2024-04-19T14:37:58Z;399;75;APARTMENT;NA;NA;NA
2024-04-19T14:37:58Z;195;42;APARTMENT;NA;21005A01-;NA
2024-04-19T14:37:58Z;385;107;APARTMENT;NA;NA;NA
2024-04-19T14:37:58Z;1450;225;HOUSE;5;NA;5
2024-04-19T14:37:58Z;260;55;APARTMENT;NA;21018A20-;NA
2024-04-19T14:37:58Z;335;115;HOUSE;13;NA;10+
2024-04-19T14:37:58Z;599;170;HOUSE;NA;21004A24-;NA
2024-04-19T14:37:58Z;745;181;APARTMENT;NA;21007A72-;NA
2024-04-19T14:37:58Z;745;181;APARTMENT;NA;21007A72-;NA
2024-04-19T14:37:58Z;745;181;APARTMENT;NA;21007A72-;NA
2024-04-19T14:37:58Z;399;160;APARTMENT;3;21001B22-;3
2024-04-19T14:37:58Z;205;70;APARTMENT;NA;21004E72-;NA
2024-04-19T14:37:58Z;449;138;HOUSE;NA;21002A02-;NA
2024-04-19T14:37:58Z;320;78;APARTMENT;NA;NA;NA
2024-04-19T14:37:58Z;215;65;APARTMENT;NA;21004E74-;NA
2024-04-19T14:37:58Z;249;70;APARTMENT;NA;21004F91-;NA
2024-04-19T14:37:58Z;210;75;APARTMENT;NA;21004E83-;NA
2024-04-19T14:37:58Z;240;80;APARTMENT;NA;21004F522;NA
2024-04-19T14:37:58Z;205;77;APARTMENT;NA;21010A00-;NA
2024-04-19T14:37:58Z;699;278;HOUSE;NA;NA;NA
2024-04-19T14:37:58Z;275;82;APARTMENT;NA;21015A50-;NA
2024-04-19T14:37:58Z;450;90;APARTMENT;NA;NA;NA
2024-04-19T14:37:58Z;1250;1358;HOUSE;NA;21001A712;NA
2024-04-19T14:37:58Z;235;60;APARTMENT;2;21004A35-;2
2024-04-19T14:37:58Z;319;85;APARTMENT;NA;21005A051;NA
2024-04-19T14:37:58Z;270;96;APARTMENT;NA;21015A43-;NA
2024-04-19T14:37:58Z;289;85;APARTMENT;NA;21004A20-;NA
2024-04-19T14:37:58Z;649;260;HOUSE;NA;21009A02-;NA
2024-04-19T14:37:58Z;319;130;APARTMENT;NA;21004E72-;NA
2024-04-19T14:37:58Z;185;70;APARTMENT;NA;NA;NA
2024-04-19T14:38:03Z;112;33;APARTMENT;NA;21001A503;NA
2024-04-19T14:38:03Z;340;102;APARTMENT;NA;21016A85-;NA
2024-04-19T14:38:03Z;498;167;APARTMENT;NA;21004A02-;NA
2024-04-19T14:38:03Z;765.1;131;APARTMENT;NA;NA;NA
2024-04-19T14:38:03Z;319.8;66;APARTMENT;NA;NA;NA
2024-04-19T14:38:03Z;244.2;47;APARTMENT;NA;NA;NA
2024-04-19T14:38:03Z;497;109;APARTMENT;NA;NA;NA
2024-04-19T14:38:03Z;645;225;HOUSE;NA;NA;NA
2024-04-19T14:38:03Z;579;166;APARTMENT;NA;21019A441;NA
2024-04-19T14:38:03Z;400;177;HOUSE;NA;21003A38-;NA
2024-04-19T14:38:03Z;750;240;APARTMENT;NA;NA;NA
2024-04-19T14:38:03Z;290;NA;HOUSE;NA;NA;NA
2024-04-19T14:38:03Z;579;166;APARTMENT;NA;21019A441;NA
2024-04-19T14:38:03Z;850;238;APARTMENT;10;21016A342;10+
2024-04-19T14:38:03Z;239;88;APARTMENT;8;NA;8
2024-04-19T14:38:03Z;290;120;APARTMENT;NA;NA;NA
2024-04-19T14:38:03Z;176;62;APARTMENT;NA;21003A02-;NA
2024-04-19T14:38:03Z;550;225;HOUSE;NA;21004E74-;NA
2024-04-19T14:38:03Z;310;70;APARTMENT;NA;NA;NA
2024-04-19T14:38:03Z;615;221;APARTMENT;NA;NA;NA
2024-04-19T14:38:03Z;149;50;APARTMENT;NA;NA;NA
2024-04-19T14:38:03Z;139;47;APARTMENT;NA;NA;NA
2024-04-19T14:38:03Z;174.9;40;APARTMENT;NA;NA;NA
2024-04-19T14:38:03Z;750;180;APARTMENT;NA;NA;NA
2024-04-19T14:38:03Z;239;81;APARTMENT;NA;21010A111;NA
2024-04-19T14:38:03Z;180;NA;APARTMENT;1;NA;1
2024-04-19T14:38:03Z;219;109;APARTMENT;NA;NA;NA
2024-04-19T14:38:03Z;1990;635;HOUSE;6;21016A01-;6
2024-04-19T14:38:03Z;229;70;APARTMENT;NA;21004D672;NA
2024-04-19T14:38:03Z;529;290;HOUSE;12;21007A101;10+
2024-04-19T14:38:08Z;1400;650;HOUSE;NA;NA;NA
2024-04-19T14:38:08Z;235;95;APARTMENT;NA;NA;NA
2024-04-19T14:38:08Z;499;200;HOUSE;NA;NA;NA
2024-04-19T14:38:08Z;290;85;APARTMENT;NA;21015A36-;NA
2024-04-19T14:38:08Z;399;132;APARTMENT;NA;21016A82-;NA
2024-04-19T14:38:08Z;330;112;APARTMENT;NA;21015A36-;NA
2024-04-19T14:38:08Z;245;93;APARTMENT;NA;21003A212;NA
2024-04-19T14:38:08Z;NA;NA;APARTMENT;NA;21004D6NJ;NA
2024-04-19T14:38:08Z;1185;500;HOUSE;NA;NA;NA
2024-04-19T14:38:08Z;565;140;APARTMENT;NA;21004A14-;NA
2024-04-19T14:38:08Z;249;92;APARTMENT;NA;21010A141;NA
2024-04-19T14:38:08Z;325;200;HOUSE;NA;21010A02-;NA
2024-04-19T14:38:08Z;755;329;HOUSE;NA;21012A62-;NA
2024-04-19T14:38:08Z;485;220;HOUSE;NA;NA;NA
2024-04-19T14:38:08Z;449;110;HOUSE;NA;21012A41-;NA
2024-04-19T14:38:08Z;425;205;HOUSE;NA;21004E12-;NA
2024-04-19T14:38:08Z;219.5;60;APARTMENT;NA;21012A172;NA
2024-04-19T14:38:08Z;490;137;APARTMENT;NA;21013A422;NA
2024-04-19T14:38:08Z;375;128;APARTMENT;NA;21015A50-;NA
2024-04-19T14:38:08Z;1595;150;APARTMENT;4;NA;4
2024-04-19T14:38:08Z;149;50;APARTMENT;NA;NA;NA
2024-04-19T14:38:08Z;430;118;APARTMENT;NA;21015A622;NA
2024-04-19T14:38:08Z;249;90;APARTMENT;NA;NA;NA
2024-04-19T14:38:08Z;595;176;APARTMENT;NA;21017A212;NA
2024-04-19T14:38:08Z;249;75;APARTMENT;NA;21018A311;NA
2024-04-19T14:38:08Z;1795;228;APARTMENT;4;21009A051;4
2024-04-19T14:38:08Z;528;98;APARTMENT;NA;21009A051;NA
2024-04-19T14:38:08Z;312;38;APARTMENT;NA;21009A051;NA
2024-04-19T14:38:08Z;345;200;HOUSE;NA;21011A01-;NA
2024-04-19T14:38:08Z;795;185;APARTMENT;NA;NA;NA
2024-04-19T14:38:16Z;322;95;APARTMENT;NA;21006A272;NA
2024-04-19T14:38:16Z;205;70;APARTMENT;NA;21008A20-;NA
2024-04-19T14:38:16Z;450;125;APARTMENT;NA;21016A02-;NA
2024-04-19T14:38:16Z;189;63;APARTMENT;NA;NA;NA
2024-04-19T14:38:16Z;299;96;APARTMENT;NA;21016A02-;NA
2024-04-19T14:38:16Z;635;128;APARTMENT;NA;21016A12-;NA
2024-04-19T14:38:16Z;945;137;APARTMENT;NA;21016A232;NA
2024-04-19T14:38:16Z;559;100;APARTMENT;NA;21016A232;NA
2024-04-19T14:38:16Z;381;69;APARTMENT;NA;21016A232;NA
2024-04-19T14:38:16Z;220;65;APARTMENT;NA;21016A922;NA
2024-04-19T14:38:16Z;335;57;APARTMENT;NA;21016A232;NA
2024-04-19T14:38:16Z;715;150;APARTMENT;NA;21016A12-;NA
2024-04-19T14:38:16Z;335;110;APARTMENT;NA;NA;NA
2024-04-19T14:38:16Z;425;100;APARTMENT;NA;21004A23-;NA
2024-04-19T14:38:16Z;675;310;HOUSE;NA;21015A00-;NA
2024-04-19T14:38:16Z;1450;229;APARTMENT;4;NA;4
2024-04-19T14:38:16Z;1050;350;HOUSE;NA;NA;NA
2024-04-19T14:38:16Z;135;58;APARTMENT;NA;21012A72-;NA
2024-04-19T14:38:16Z;135;58;APARTMENT;NA;21012A72-;NA
2024-04-19T14:38:16Z;595;205;HOUSE;22;21004E201;10+
2024-04-19T14:38:16Z;195;85;APARTMENT;NA;21008A21-;NA
2024-04-19T14:38:16Z;479;194;HOUSE;11;NA;10+
2024-04-19T14:38:16Z;649;240;HOUSE;NA;21004F522;NA
2024-04-19T14:38:16Z;235;50;APARTMENT;NA;NA;NA
2024-04-19T14:38:16Z;159;50;APARTMENT;NA;21008A20-;NA
2024-04-19T14:38:16Z;245;48;APARTMENT;NA;21009A02-;NA
2024-04-19T14:38:16Z;430;197;HOUSE;NA;21004F922;NA
2024-04-19T14:38:16Z;399;120;HOUSE;NA;21012A60-;NA
2024-04-19T14:38:16Z;665;205;HOUSE;6;NA;6
2024-04-19T14:38:16Z;249;63;APARTMENT;NA;21015A73-;NA
2024-04-19T14:38:23Z;529;230;HOUSE;11;21004E130;10+
2024-04-19T14:38:23Z;105;30;APARTMENT;NA;21014A05-;NA
2024-04-19T14:38:23Z;220;72;APARTMENT;NA;NA;NA
2024-04-19T14:38:23Z;220;72;APARTMENT;NA;NA;NA
2024-04-19T14:38:23Z;240;60;APARTMENT;NA;NA;NA
2024-04-19T14:38:23Z;335;95;APARTMENT;NA;21009A301;NA
2024-04-19T14:38:23Z;325;NA;APARTMENT;NA;NA;NA
2024-04-19T14:38:23Z;195;60;APARTMENT;NA;21004E130;NA
2024-04-19T14:38:23Z;690;190;HOUSE;NA;NA;NA
2024-04-19T14:38:23Z;370;93;APARTMENT;NA;21009A00-;NA
2024-04-19T14:38:23Z;250;82;APARTMENT;NA;21005A042;NA
2024-04-19T14:38:23Z;345;120;APARTMENT;7;NA;7
2024-04-19T14:38:23Z;155;NA;APARTMENT;NA;21012A26-;NA
2024-04-19T14:38:23Z;160;73;APARTMENT;NA;21011A11-;NA
2024-04-19T14:38:23Z;500;210;HOUSE;NA;NA;NA
2024-04-19T14:38:23Z;140;NA;APARTMENT;NA;21012A26-;NA
2024-04-19T14:38:23Z;255;54;APARTMENT;NA;21004C552;NA
2024-04-19T14:38:23Z;255;54;APARTMENT;NA;21004C552;NA
2024-04-19T14:38:23Z;230;NA;APARTMENT;NA;21008A33-;NA
2024-04-19T14:38:23Z;2300;476;HOUSE;8;NA;8
2024-04-19T14:38:23Z;315;58;APARTMENT;NA;NA;NA
2024-04-19T14:38:23Z;315;58;APARTMENT;NA;NA;NA
2024-04-19T14:38:23Z;545;109;APARTMENT;NA;21004A33-;NA
2024-04-19T14:38:23Z;250;NA;HOUSE;NA;21008A30-;NA
2024-04-19T14:38:23Z;250;86;APARTMENT;NA;NA;NA
2024-04-19T14:38:23Z;175;67;APARTMENT;NA;NA;NA
2024-04-19T14:38:23Z;250;86;APARTMENT;NA;NA;NA
2024-04-19T14:38:23Z;249;70;APARTMENT;NA;21004F91-;NA
2024-04-19T14:38:23Z;240;80;APARTMENT;NA;21004F522;NA
2024-04-19T14:38:23Z;589;193;HOUSE;NA;NA;NA
2024-04-19T14:38:28Z;285;82;APARTMENT;NA;21005A12-;NA
2024-04-19T14:38:28Z;219;85;APARTMENT;NA;21012A24-;NA
2024-04-19T14:38:28Z;175;50;APARTMENT;NA;21011A30-;NA
2024-04-19T14:38:28Z;165;45;APARTMENT;NA;21010A04-;NA
2024-04-19T14:38:28Z;2500;690;HOUSE;NA;NA;NA
2024-04-19T14:38:28Z;525;101;HOUSE;NA;NA;NA
2024-04-19T14:38:28Z;3700;765;HOUSE;15;NA;10+
2024-04-19T14:38:28Z;279;91;APARTMENT;NA;NA;NA
2024-04-19T14:38:28Z;239;75;APARTMENT;NA;NA;NA
2024-04-19T14:38:28Z;1490;530;HOUSE;NA;NA;NA
2024-04-19T14:38:28Z;595;139;HOUSE;NA;NA;NA
2024-04-19T14:38:28Z;320;130;APARTMENT;NA;21004E130;NA
2024-04-19T14:38:28Z;349;200;HOUSE;13;21014A41-;10+
2024-04-19T14:38:28Z;335;93;APARTMENT;NA;21004C54-;NA
2024-04-19T14:38:28Z;335;93;APARTMENT;NA;21004C54-;NA
2024-04-19T14:38:28Z;159;42;APARTMENT;NA;NA;NA
2024-04-19T14:38:28Z;265;NA;HOUSE;NA;21015A421;NA
2024-04-19T14:38:28Z;1480;NA;HOUSE;NA;NA;NA
2024-04-19T14:38:28Z;430;157;APARTMENT;NA;21009A922;NA
2024-04-19T14:38:28Z;258;81;APARTMENT;NA;21001A041;NA
2024-04-19T14:38:28Z;995;NA;HOUSE;NA;NA;NA
2024-04-19T14:38:28Z;750;240;HOUSE;NA;21015A00-;NA
2024-04-19T14:38:28Z;220;NA;APARTMENT;4;NA;4
2024-04-19T14:38:28Z;240;65;APARTMENT;NA;NA;NA
2024-04-19T14:38:28Z;448;150;APARTMENT;NA;21004C642;NA
2024-04-19T14:38:28Z;2195;540;HOUSE;8;NA;8
2024-04-19T14:38:28Z;249;52;APARTMENT;NA;NA;NA
2024-04-19T14:38:28Z;460;180;HOUSE;NA;21001A41-;NA
2024-04-19T14:38:28Z;448;150;APARTMENT;NA;21004C642;NA
2024-04-19T14:38:28Z;370;85;APARTMENT;NA;21004D6NJ;NA
2024-04-19T14:38:32Z;499;290;APARTMENT;NA;21004A21-;NA
2024-04-19T14:38:32Z;204;25;APARTMENT;NA;NA;NA
2024-04-19T14:38:32Z;2600;900;HOUSE;NA;21006A011;NA
2024-04-19T14:38:32Z;649;250;HOUSE;NA;NA;NA
2024-04-19T14:38:32Z;469;96;APARTMENT;NA;NA;NA
2024-04-19T14:38:32Z;199;72;APARTMENT;NA;21004E72-;NA
2024-04-19T14:38:32Z;590;160;APARTMENT;8;NA;8
2024-04-19T14:38:32Z;598;175;HOUSE;NA;21019A40-;NA
2024-04-19T14:38:32Z;850;320;HOUSE;NA;NA;NA
2024-04-19T14:38:32Z;650;290;HOUSE;NA;21015A36-;NA
2024-04-19T14:38:32Z;140;63;APARTMENT;4;NA;4
2024-04-19T14:38:32Z;85;NA;APARTMENT;NA;21015A44-;NA
2024-04-19T14:38:32Z;285;101;APARTMENT;NA;21003A10-;NA
2024-04-19T14:38:32Z;109;34;APARTMENT;NA;21014A00-;NA
2024-04-19T14:38:32Z;585;154;APARTMENT;6;NA;6
2024-04-19T14:38:32Z;550;95;APARTMENT;NA;NA;NA
2024-04-19T14:38:32Z;220;NA;APARTMENT;NA;NA;NA
2024-04-19T14:38:32Z;599;132;APARTMENT;NA;NA;NA
2024-04-19T14:38:32Z;425;78;APARTMENT;NA;21009A051;NA
2024-04-19T14:38:32Z;295;142;APARTMENT;NA;NA;NA
2024-04-19T14:38:32Z;2990;280;APARTMENT;4;NA;4
2024-04-19T14:38:32Z;135;40;APARTMENT;NA;21001A51-;NA
2024-04-19T14:38:32Z;135;40;APARTMENT;NA;21001A51-;NA
2024-04-19T14:38:32Z;159;32;APARTMENT;NA;21018A01-;NA
2024-04-19T14:38:32Z;685;245;HOUSE;12;NA;10+
2024-04-19T14:38:32Z;830;198;APARTMENT;NA;NA;NA
2024-04-19T14:38:32Z;249;88;APARTMENT;NA;21012A26-;NA
2024-04-19T14:38:32Z;585;135;HOUSE;NA;NA;NA
2024-04-19T14:38:32Z;795;175;HOUSE;NA;NA;NA
2024-04-19T14:38:32Z;299;110;APARTMENT;NA;21010A1AJ;NA
2024-04-19T14:38:39Z;230;90;APARTMENT;NA;21008A240;NA
2024-04-19T14:38:39Z;239;58;APARTMENT;2;NA;2
2024-04-19T14:38:39Z;900;434;HOUSE;NA;21009A43-;NA
2024-04-19T14:38:39Z;279;NA;HOUSE;NA;21005A042;NA
2024-04-19T14:38:39Z;275;81;APARTMENT;NA;NA;NA
2024-04-19T14:38:39Z;199;NA;APARTMENT;2;NA;2
2024-04-19T14:38:39Z;649;172;APARTMENT;7;NA;7
2024-04-19T14:38:39Z;665;220;HOUSE;NA;21004E74-;NA
2024-04-19T14:38:39Z;50;NA;APARTMENT;NA;21018A311;NA
2024-04-19T14:38:39Z;330;85;APARTMENT;5;NA;5
2024-04-19T14:38:39Z;229;72;APARTMENT;NA;21009A20-;NA
2024-04-19T14:38:39Z;239;88;HOUSE;NA;NA;NA
2024-04-19T14:38:39Z;195;80;APARTMENT;NA;21011A12-;NA
2024-04-19T14:38:39Z;229;90;APARTMENT;NA;NA;NA
2024-04-19T14:38:39Z;269;76;APARTMENT;NA;NA;NA
2024-04-19T14:38:39Z;299;96;APARTMENT;NA;21004F901;NA
2024-04-19T14:38:39Z;142;30;APARTMENT;NA;NA;NA
2024-04-19T14:38:39Z;450;120;APARTMENT;NA;NA;NA
2024-04-19T14:38:39Z;450;120;APARTMENT;NA;NA;NA
2024-04-19T14:38:39Z;400;110;APARTMENT;NA;NA;NA
2024-04-19T14:38:39Z;2250;700;HOUSE;NA;NA;NA
2024-04-19T14:38:39Z;825;184;APARTMENT;5;NA;5
2024-04-19T14:38:39Z;NA;NA;APARTMENT;NA;21018A37-;NA
2024-04-19T14:38:39Z;199;73;APARTMENT;NA;21001A32-;NA
2024-04-19T14:38:39Z;310;86;APARTMENT;NA;21009A22-;NA
2024-04-19T14:38:39Z;195;40;APARTMENT;NA;NA;NA
2024-04-19T14:38:39Z;295;80;APARTMENT;NA;21016A429;NA
2024-04-19T14:38:39Z;599;150;APARTMENT;NA;NA;NA
2024-04-19T14:38:39Z;280;70;APARTMENT;NA;NA;NA
2024-04-19T14:38:39Z;399;95;APARTMENT;NA;NA;NA
2024-04-19T14:38:43Z;535;NA;HOUSE;NA;21015A721;NA
2024-04-19T14:38:43Z;599;200;HOUSE;NA;NA;NA
2024-04-19T14:38:43Z;169;59;APARTMENT;NA;NA;NA
2024-04-19T14:38:43Z;499;122;APARTMENT;NA;21016A933;NA
2024-04-19T14:38:43Z;490;93;APARTMENT;NA;21002A00-;NA
2024-04-19T14:38:43Z;NA;NA;HOUSE;NA;21004A03-;NA
2024-04-19T14:38:43Z;NA;NA;APARTMENT;NA;21004A03-;NA
2024-04-19T14:38:43Z;NA;NA;APARTMENT;NA;21009A21-;NA
2024-04-19T14:38:43Z;NA;NA;HOUSE;NA;21009A21-;NA
2024-04-19T14:38:43Z;NA;NA;APARTMENT;NA;NA;NA
2024-04-19T14:38:43Z;NA;NA;APARTMENT;NA;21006A403;NA
2024-04-19T14:38:43Z;NA;NA;HOUSE;NA;21004G30-;NA
2024-04-19T14:38:43Z;NA;NA;HOUSE;NA;21016A490;NA
2024-04-19T14:38:43Z;NA;NA;APARTMENT;NA;21016A490;NA
2024-04-19T14:38:43Z;NA;NA;APARTMENT;NA;21016A490;NA
2024-04-19T14:38:43Z;NA;NA;HOUSE;NA;21016A490;NA
2024-04-19T14:38:43Z;NA;NA;APARTMENT;NA;21004D6NJ;NA
2024-04-19T14:38:43Z;NA;NA;APARTMENT;NA;NA;NA
2024-04-19T14:38:43Z;NA;NA;APARTMENT;NA;21004D6NJ;NA
2024-04-19T14:38:43Z;NA;NA;APARTMENT;NA;21004D6NJ;NA
2024-04-19T14:38:43Z;NA;NA;APARTMENT;NA;21004D6NJ;NA
2024-04-19T14:38:43Z;NA;NA;APARTMENT;NA;21004D6NJ;NA
2024-04-19T14:38:43Z;NA;NA;APARTMENT;NA;21004D6NJ;NA
2024-04-19T14:38:43Z;NA;NA;APARTMENT;NA;21004D6NJ;NA
2024-04-19T14:38:43Z;NA;NA;APARTMENT;NA;21004D6NJ;NA
2024-04-19T14:38:43Z;565;250;HOUSE;11;NA;10+
2024-04-19T14:38:43Z;NA;NA;APARTMENT;NA;21001B3MJ;NA
2024-04-19T14:38:43Z;NA;NA;APARTMENT;NA;21002A39-;NA
2024-04-19T14:38:43Z;495;171;HOUSE;NA;21002A02-;NA
2024-04-19T14:38:43Z;595;175;APARTMENT;NA;NA;NA
2024-04-19T14:38:47Z;495;133;APARTMENT;NA;NA;NA
2024-04-19T14:38:47Z;375;89;APARTMENT;NA;21004E201;NA
2024-04-19T14:38:47Z;395;103;APARTMENT;NA;21016A85-;NA
2024-04-19T14:38:47Z;325;75;APARTMENT;NA;21007A73-;NA
2024-04-19T14:38:47Z;440;140;APARTMENT;NA;21009A22-;NA
2024-04-19T14:38:47Z;175;60;APARTMENT;NA;21004A22-;NA
2024-04-19T14:38:47Z;415;150;HOUSE;NA;21004A02-;NA
2024-04-19T14:38:47Z;345;100;APARTMENT;NA;21009A23-;NA
2024-04-19T14:38:47Z;NA;NA;APARTMENT;NA;21016A02-;NA
2024-04-19T14:38:47Z;NA;NA;APARTMENT;NA;21016A232;NA
2024-04-19T14:38:47Z;539;124;APARTMENT;NA;21018A33-;NA
2024-04-19T14:38:47Z;725;130;APARTMENT;NA;21002A39-;NA
2024-04-19T14:38:47Z;830;164;APARTMENT;NA;21002A39-;NA
2024-04-19T14:38:47Z;900;430;HOUSE;NA;21015A51-;NA
2024-04-19T14:38:47Z;1449;250;APARTMENT;5;21018A33-;5
2024-04-19T14:38:47Z;545;144;APARTMENT;NA;NA;NA
2024-04-19T14:38:47Z;335;83;APARTMENT;NA;NA;NA
2024-04-19T14:38:47Z;235;55;APARTMENT;NA;NA;NA
2024-04-19T14:38:47Z;595;332;HOUSE;NA;21006A011;NA
2024-04-19T14:38:47Z;595;332;HOUSE;NA;21006A011;NA
2024-04-19T14:38:47Z;295;90;APARTMENT;NA;21015A831;NA
2024-04-19T14:38:47Z;595;162;APARTMENT;NA;21015A12-;NA
2024-04-19T14:38:47Z;379;182;HOUSE;NA;NA;NA
2024-04-19T14:38:47Z;780;150;APARTMENT;NA;21004C54-;NA
2024-04-19T14:38:47Z;285;65;APARTMENT;NA;NA;NA
2024-04-19T14:38:47Z;385;230;HOUSE;NA;21001B21-;NA
2024-04-19T14:38:47Z;270;91;APARTMENT;NA;21018A643;NA
2024-04-19T14:38:47Z;750;270;HOUSE;NA;NA;NA
2024-04-19T14:38:47Z;284.5;82;APARTMENT;NA;NA;NA
2024-04-19T14:38:47Z;355.5;99;APARTMENT;NA;NA;NA
2024-04-19T14:38:53Z;295;NA;APARTMENT;NA;NA;NA
2024-04-19T14:38:53Z;1495;320;HOUSE;NA;21016A12-;NA
2024-04-19T14:38:53Z;NA;NA;APARTMENT;NA;21006A272;NA
2024-04-19T14:38:53Z;600;153;APARTMENT;5;NA;5
2024-04-19T14:38:53Z;435;92;APARTMENT;NA;NA;NA
2024-04-19T14:38:53Z;1490;540;HOUSE;8;NA;8
2024-04-19T14:38:53Z;1100;440;HOUSE;20;NA;10+
2024-04-19T14:38:53Z;430;117;APARTMENT;NA;21009A23-;NA
2024-04-19T14:38:53Z;445;240;HOUSE;NA;21001B10-;NA
2024-04-19T14:38:53Z;299;NA;APARTMENT;6;NA;6
2024-04-19T14:38:53Z;495;176;HOUSE;NA;21010A05-;NA
2024-04-19T14:38:53Z;225;85;APARTMENT;NA;21010A02-;NA
2024-04-19T14:38:53Z;495;176;HOUSE;NA;21010A05-;NA
2024-04-19T14:38:53Z;510;210;HOUSE;NA;21004F531;NA
2024-04-19T14:38:53Z;679;225;HOUSE;NA;21009A52-;NA
2024-04-19T14:38:53Z;750;160;HOUSE;NA;21004A822;NA
2024-04-19T14:38:53Z;430;181;HOUSE;NA;NA;NA
2024-04-19T14:38:53Z;199;85;APARTMENT;NA;21004A22-;NA
2024-04-19T14:38:53Z;300;80;APARTMENT;NA;NA;NA
2024-04-19T14:38:53Z;795;232;APARTMENT;NA;NA;NA
2024-04-19T14:38:53Z;925;327;APARTMENT;NA;21011A30-;NA
2024-04-19T14:38:53Z;225;62;APARTMENT;NA;21015A883;NA
2024-04-19T14:38:53Z;795;175;HOUSE;NA;NA;NA
2024-04-19T14:38:53Z;940;225;APARTMENT;NA;NA;NA
2024-04-19T14:38:53Z;295;104;APARTMENT;NA;21010A04-;NA
2024-04-19T14:38:53Z;149;70;APARTMENT;NA;NA;NA
2024-04-19T14:38:53Z;149;70;APARTMENT;NA;NA;NA
2024-04-19T14:38:53Z;350;124;APARTMENT;NA;21010A04-;NA
2024-04-19T14:38:53Z;199;80;APARTMENT;NA;21010A111;NA
2024-04-19T14:38:53Z;445;117;APARTMENT;NA;21004A3MJ;NA
2024-04-19T14:38:57Z;285;79;APARTMENT;NA;21004A3MJ;NA
2024-04-19T14:38:57Z;225;51;APARTMENT;NA;21004A3MJ;NA
2024-04-19T14:38:57Z;595;158;APARTMENT;NA;NA;NA
2024-04-19T14:38:57Z;235;58;APARTMENT;NA;21004A3MJ;NA
2024-04-19T14:38:57Z;285;79;APARTMENT;NA;21004A3MJ;NA
2024-04-19T14:38:57Z;495;145;APARTMENT;NA;21004A3MJ;NA
2024-04-19T14:38:57Z;245;60;APARTMENT;NA;21004A3MJ;NA
2024-04-19T14:38:57Z;295;85;APARTMENT;NA;21004A3MJ;NA
2024-04-19T14:38:57Z;515;NA;APARTMENT;NA;NA;NA
2024-04-19T14:38:57Z;995;370;HOUSE;NA;NA;NA
2024-04-19T14:38:57Z;1470;310;HOUSE;12;21017A041;10+
2024-04-19T14:38:57Z;245;74;APARTMENT;1;NA;1
2024-04-19T14:38:57Z;145;62;APARTMENT;5;21004E70-;5
2024-04-19T14:38:57Z;330;87;APARTMENT;NA;21002A21-;NA
2024-04-19T14:38:57Z;749;NA;HOUSE;NA;21012A62-;NA
2024-04-19T14:38:57Z;220;53;APARTMENT;NA;NA;NA
2024-04-19T14:38:57Z;399;185;HOUSE;NA;21004E72-;NA
2024-04-19T14:38:57Z;795;240;APARTMENT;NA;NA;NA
2024-04-19T14:38:57Z;250;65;APARTMENT;NA;NA;NA
2024-04-19T14:38:57Z;215;55;APARTMENT;NA;NA;NA
2024-04-19T14:38:57Z;258;95;APARTMENT;NA;NA;NA
2024-04-19T14:38:57Z;495;95;APARTMENT;2;21018A37-;2
2024-04-19T14:38:57Z;650;270;HOUSE;NA;NA;NA
2024-04-19T14:38:57Z;275;102;APARTMENT;NA;21004E201;NA
2024-04-19T14:38:57Z;1695;750;APARTMENT;1;21001A72-;1
2024-04-19T14:38:57Z;1695;750;APARTMENT;1;21012A11-;1
2024-04-19T14:38:57Z;299;95;APARTMENT;NA;NA;NA
2024-04-19T14:38:57Z;425;216;HOUSE;NA;21015A231;NA
2024-04-19T14:38:57Z;315;130;APARTMENT;NA;21015A24-;NA
2024-04-19T14:38:57Z;625;204;HOUSE;NA;NA;NA
2024-04-19T14:39:03Z;345;95;APARTMENT;NA;NA;NA
2024-04-19T14:39:03Z;580;170;HOUSE;NA;NA;NA
2024-04-19T14:39:03Z;745;253;HOUSE;NA;21018A62-;NA
2024-04-19T14:39:03Z;625;325;HOUSE;NA;21015A50-;NA
2024-04-19T14:39:03Z;225;61;APARTMENT;NA;21007A70-;NA
2024-04-19T14:39:03Z;399;84;APARTMENT;NA;NA;NA
2024-04-19T14:39:03Z;399;160;HOUSE;NA;NA;NA
2024-04-19T14:39:03Z;235;78;APARTMENT;NA;NA;NA
2024-04-19T14:39:03Z;360;120;APARTMENT;4;21015A03-;4
2024-04-19T14:39:03Z;590;145;APARTMENT;NA;NA;NA
2024-04-19T14:39:03Z;142;72;APARTMENT;6;NA;6
2024-04-19T14:39:03Z;400;185;HOUSE;NA;21001A34-;NA
2024-04-19T14:39:03Z;220;100;APARTMENT;NA;21012A84-;NA
2024-04-19T14:39:03Z;170;80;APARTMENT;NA;21012A552;NA
2024-04-19T14:39:03Z;415;174;HOUSE;NA;21012A24-;NA
2024-04-19T14:39:03Z;295;NA;APARTMENT;NA;21019A10-;NA
2024-04-19T14:39:03Z;949;650;HOUSE;NA;NA;NA
2024-04-19T14:39:03Z;380;88;APARTMENT;NA;NA;NA
2024-04-19T14:39:03Z;895;269;HOUSE;1;21016A342;1
2024-04-19T14:39:03Z;930;NA;HOUSE;NA;NA;NA
2024-04-19T14:39:03Z;415;115;APARTMENT;NA;NA;NA
2024-04-19T14:39:03Z;415;115;APARTMENT;NA;NA;NA
2024-04-19T14:39:03Z;225;67;APARTMENT;NA;21018A33-;NA
2024-04-19T14:39:03Z;NA;NA;APARTMENT;NA;21004D6MJ;NA
2024-04-19T14:39:03Z;410;125;APARTMENT;NA;21004D6MJ;NA
2024-04-19T14:39:03Z;410;128;APARTMENT;NA;21004D6MJ;NA
2024-04-19T14:39:03Z;460;106;APARTMENT;NA;NA;NA
2024-04-19T14:39:03Z;NA;NA;APARTMENT;NA;21004D6NJ;NA
2024-04-19T14:39:03Z;799;227;HOUSE;NA;NA;NA
2024-04-19T14:39:03Z;NA;NA;APARTMENT;NA;21004E72-;NA
2024-04-19T14:39:08Z;NA;NA;APARTMENT;NA;NA;NA
2024-04-19T14:39:08Z;NA;NA;APARTMENT;NA;NA;NA
2024-04-19T14:39:08Z;NA;NA;HOUSE;NA;NA;NA
2024-04-19T14:39:08Z;1199;409;HOUSE;11;NA;10+
2024-04-19T14:39:08Z;1200;202;HOUSE;6;NA;6
2024-04-19T14:39:08Z;477;110;APARTMENT;NA;NA;NA
2024-04-19T14:39:08Z;NA;NA;APARTMENT;NA;21004E72-;NA
2024-04-19T14:39:08Z;850;232;HOUSE;NA;NA;NA
2024-04-19T14:39:08Z;482;110;APARTMENT;NA;NA;NA
2024-04-19T14:39:08Z;1350;232;HOUSE;6;NA;6
2024-04-19T14:39:08Z;NA;NA;APARTMENT;NA;NA;NA
2024-04-19T14:39:08Z;345;95;APARTMENT;NA;NA;NA
2024-04-19T14:39:08Z;NA;NA;HOUSE;NA;NA;NA
2024-04-19T14:39:08Z;149;45;APARTMENT;NA;21004E73-;NA
2024-04-19T14:39:08Z;1375;215;HOUSE;7;NA;7
2024-04-19T14:39:08Z;890;217;HOUSE;NA;NA;NA
2024-04-19T14:39:08Z;249;82;APARTMENT;NA;NA;NA
2024-04-19T14:39:08Z;350;82;APARTMENT;NA;NA;NA
2024-04-19T14:39:08Z;269;75;APARTMENT;NA;NA;NA
2024-04-19T14:39:08Z;309;85;APARTMENT;NA;21002A20-;NA
2024-04-19T14:39:08Z;155;33;APARTMENT;2;NA;2
2024-04-19T14:39:08Z;595;167;APARTMENT;NA;NA;NA
2024-04-19T14:39:08Z;265;52;APARTMENT;NA;NA;NA
2024-04-19T14:39:08Z;155;55;APARTMENT;5;NA;5
2024-04-19T14:39:08Z;440;100;APARTMENT;7;NA;7
2024-04-19T14:39:08Z;450;110;APARTMENT;10;NA;10+
2024-04-19T14:39:08Z;145;54;APARTMENT;NA;21014A05-;NA
2024-04-19T14:39:08Z;265;62;APARTMENT;5;NA;5
2024-04-19T14:39:08Z;310;80;APARTMENT;NA;NA;NA
2024-04-19T14:39:08Z;340;110;APARTMENT;NA;NA;NA
2024-04-19T14:39:14Z;25;90;APARTMENT;NA;NA;NA
2024-04-19T14:39:14Z;624;135;APARTMENT;NA;21018A63-;NA
2024-04-19T14:39:14Z;624;135;APARTMENT;NA;21018A63-;NA
2024-04-19T14:39:14Z;624;135;APARTMENT;NA;21018A63-;NA
2024-04-19T14:39:14Z;624;135;APARTMENT;NA;21018A63-;NA
2024-04-19T14:39:14Z;230;NA;APARTMENT;NA;NA;NA
2024-04-19T14:39:14Z;549;189;HOUSE;NA;NA;NA
2024-04-19T14:39:14Z;449;150;APARTMENT;NA;21008A00-;NA
2024-04-19T14:39:14Z;279;140;APARTMENT;NA;21012A141;NA
2024-04-19T14:39:14Z;495;NA;HOUSE;NA;21001A112;NA
2024-04-19T14:39:14Z;235;98;APARTMENT;NA;21001A31-;NA
2024-04-19T14:39:14Z;340;87;APARTMENT;NA;NA;NA
2024-04-19T14:39:14Z;840;160;APARTMENT;NA;21004B45-;NA
2024-04-19T14:39:14Z;795;NA;APARTMENT;NA;NA;NA
2024-04-19T14:39:14Z;1198;105;HOUSE;NA;NA;NA
2024-04-19T14:39:14Z;470;97;APARTMENT;NA;NA;NA
2024-04-19T14:39:14Z;430;79;APARTMENT;NA;NA;NA
2024-04-19T14:39:14Z;340;60;APARTMENT;NA;NA;NA
2024-04-19T14:39:14Z;340;74;APARTMENT;NA;NA;NA
2024-04-19T14:39:14Z;269;82;APARTMENT;NA;NA;NA
2024-04-19T14:39:14Z;179;NA;APARTMENT;5;NA;5
2024-04-19T14:39:14Z;195;55;APARTMENT;NA;NA;NA
2024-04-19T14:39:14Z;590;470;HOUSE;NA;NA;NA
2024-04-19T14:39:14Z;359;123;HOUSE;NA;21001A34-;NA
2024-04-19T14:39:14Z;650;236;HOUSE;NA;21014A04-;NA
2024-04-19T14:39:14Z;295;75;APARTMENT;NA;21016A02-;NA
2024-04-19T14:39:14Z;675;200;APARTMENT;NA;21018A22-;NA
2024-04-19T14:39:14Z;875;300;HOUSE;NA;21018A14-;NA
2024-04-19T14:39:14Z;875;300;HOUSE;NA;21018A14-;NA
2024-04-19T14:39:14Z;350;100;APARTMENT;NA;21007A242;NA
2024-04-19T14:39:19Z;250;72;APARTMENT;NA;21006A474;NA
2024-04-19T14:39:19Z;390;NA;HOUSE;NA;21002A25-;NA
2024-04-19T14:39:19Z;375;105;APARTMENT;NA;21016A01-;NA
2024-04-19T14:39:19Z;399;84;APARTMENT;NA;NA;NA
2024-04-19T14:39:19Z;285;NA;APARTMENT;3;21012A26-;3
2024-04-19T14:39:19Z;695;274;HOUSE;NA;21010A05-;NA
2024-04-19T14:39:19Z;720;185;APARTMENT;NA;NA;NA
2024-04-19T14:39:19Z;475;108;APARTMENT;NA;NA;NA
2024-04-19T14:39:19Z;475;108;APARTMENT;NA;NA;NA
2024-04-19T14:39:19Z;395;140;HOUSE;NA;NA;NA
2024-04-19T14:39:19Z;595;170;APARTMENT;NA;NA;NA
2024-04-19T14:39:19Z;129;59;APARTMENT;NA;21014A10-;NA
2024-04-19T14:39:19Z;119;48;APARTMENT;NA;21014A10-;NA
2024-04-19T14:39:19Z;175;107;APARTMENT;NA;21014A10-;NA
2024-04-19T14:39:19Z;119;48;APARTMENT;NA;21014A10-;NA
2024-04-19T14:39:19Z;425;109;APARTMENT;NA;NA;NA
2024-04-19T14:39:19Z;750;360;HOUSE;NA;21008A10-;NA
2024-04-19T14:39:19Z;229;85;APARTMENT;NA;NA;NA
2024-04-19T14:39:19Z;1295;270;HOUSE;6;21016A831;6
2024-04-19T14:39:19Z;399;92;APARTMENT;NA;NA;NA
2024-04-19T14:39:19Z;249;60;APARTMENT;NA;NA;NA
2024-04-19T14:39:19Z;195;60;APARTMENT;NA;NA;NA
2024-04-19T14:39:19Z;409;70;APARTMENT;NA;NA;NA
2024-04-19T14:39:19Z;379;100;APARTMENT;NA;NA;NA
2024-04-19T14:39:19Z;1295;270;HOUSE;5;21016A831;5
2024-04-19T14:39:19Z;385;85;APARTMENT;NA;21019A10-;NA
2024-04-19T14:39:19Z;498;135;HOUSE;NA;21019A11-;NA
2024-04-19T14:39:19Z;240;75;APARTMENT;NA;21012A20-;NA
2024-04-19T14:39:19Z;215;82;APARTMENT;NA;21004E83-;NA
2024-04-19T14:39:19Z;459;155;HOUSE;NA;21001C71-;NA
2024-04-19T14:39:25Z;235;70;APARTMENT;NA;NA;NA
2024-04-19T14:39:25Z;860;270;HOUSE;NA;21017A01-;NA
2024-04-19T14:39:25Z;450;105;APARTMENT;NA;NA;NA
2024-04-19T14:39:25Z;415;99;APARTMENT;NA;NA;NA
2024-04-19T14:39:25Z;475;215;HOUSE;NA;NA;NA
2024-04-19T14:39:25Z;275;60;APARTMENT;NA;21002A372;NA
2024-04-19T14:39:25Z;295;81;APARTMENT;NA;NA;NA
2024-04-19T14:39:25Z;195;120;APARTMENT;NA;21012A84-;NA
2024-04-19T14:39:25Z;265;92;APARTMENT;NA;NA;NA
2024-04-19T14:39:25Z;219;52;APARTMENT;NA;NA;NA
2024-04-19T14:39:25Z;225;71;APARTMENT;NA;NA;NA
2024-04-19T14:39:25Z;1100;NA;HOUSE;NA;NA;NA
2024-04-19T14:39:25Z;295;120;APARTMENT;NA;NA;NA
2024-04-19T14:39:25Z;480;210;HOUSE;NA;21015A30-;NA
2024-04-19T14:39:25Z;310;76;APARTMENT;NA;NA;NA
2024-04-19T14:39:25Z;229;77;APARTMENT;NA;NA;NA
2024-04-19T14:39:25Z;665;170;HOUSE;NA;NA;NA
2024-04-19T14:39:25Z;650;200;HOUSE;NA;21018A20-;NA
2024-04-19T14:39:25Z;385;91;APARTMENT;NA;NA;NA
2024-04-19T14:39:25Z;395;120;APARTMENT;NA;NA;NA
2024-04-19T14:39:25Z;800;NA;HOUSE;NA;NA;NA
2024-04-19T14:39:25Z;599;330;HOUSE;NA;21013A11-;NA
2024-04-19T14:39:25Z;249;65;APARTMENT;NA;21013A22-;NA
2024-04-19T14:39:25Z;349;70;APARTMENT;NA;21013A22-;NA
2024-04-19T14:39:25Z;319;70;APARTMENT;NA;21013A22-;NA
2024-04-19T14:39:25Z;1330;320;HOUSE;NA;NA;NA
2024-04-19T14:39:25Z;1350;343;APARTMENT;12;NA;10+
2024-04-19T14:39:25Z;369;104;APARTMENT;NA;NA;NA
2024-04-19T14:39:25Z;410;121;APARTMENT;NA;NA;NA
2024-04-19T14:39:25Z;225;73;APARTMENT;NA;NA;NA
2024-04-19T14:39:30Z;775;160;HOUSE;NA;NA;NA
2024-04-19T14:39:30Z;575;140;APARTMENT;NA;21007A72-;NA
2024-04-19T14:39:30Z;545;105;APARTMENT;NA;21015A50-;NA
2024-04-19T14:39:30Z;245;70;APARTMENT;9;21004F522;9
2024-04-19T14:39:30Z;225;95;APARTMENT;10;21004E201;10+
2024-04-19T14:39:30Z;245;68;APARTMENT;8;21004F522;8
2024-04-19T14:39:30Z;269;100;APARTMENT;NA;21001A152;NA
2024-04-19T14:39:30Z;199;55;APARTMENT;NA;21001A152;NA
2024-04-19T14:39:30Z;249;70;APARTMENT;NA;NA;NA
2024-04-19T14:39:30Z;295;138;APARTMENT;2;NA;2
2024-04-19T14:39:30Z;925;327;APARTMENT;NA;21011A30-;NA
2024-04-19T14:39:30Z;490;108;APARTMENT;NA;NA;NA
2024-04-19T14:39:30Z;240;53;APARTMENT;NA;21004C552;NA
2024-04-19T14:39:30Z;399;131;APARTMENT;NA;NA;NA
2024-04-19T14:39:30Z;300;60;APARTMENT;NA;NA;NA
2024-04-19T14:39:30Z;775;180;HOUSE;NA;21016A01-;NA
2024-04-19T14:39:30Z;159;50;APARTMENT;NA;21008A20-;NA
2024-04-19T14:39:30Z;225;65;APARTMENT;6;NA;6
2024-04-19T14:39:30Z;200;NA;APARTMENT;NA;NA;NA
2024-04-19T14:39:30Z;329;92;APARTMENT;NA;NA;NA
2024-04-19T14:39:30Z;475;235;HOUSE;NA;21004E12-;NA
2024-04-19T14:39:30Z;875;300;HOUSE;NA;NA;NA
2024-04-19T14:39:30Z;225;56;APARTMENT;NA;21015A05-;NA
2024-04-19T14:39:30Z;179;31;APARTMENT;NA;21015A05-;NA
2024-04-19T14:39:30Z;439;146;HOUSE;NA;21015A05-;NA
2024-04-19T14:39:30Z;169;34;APARTMENT;NA;21015A05-;NA
2024-04-19T14:39:30Z;219;56;APARTMENT;NA;21015A05-;NA
2024-04-19T14:39:30Z;278;80;APARTMENT;NA;NA;NA
2024-04-19T14:39:30Z;1495;NA;HOUSE;NA;NA;NA
2024-04-19T14:39:30Z;299;105;APARTMENT;8;NA;8
2024-04-19T14:39:35Z;399;85;APARTMENT;NA;21006A515;NA
2024-04-19T14:39:35Z;259;55;APARTMENT;NA;21006A515;NA
2024-04-19T14:39:35Z;289;90;APARTMENT;NA;NA;NA
2024-04-19T14:39:35Z;310;130;APARTMENT;NA;NA;NA
2024-04-19T14:39:35Z;260;95;APARTMENT;NA;NA;NA
2024-04-19T14:39:35Z;2400;1040;HOUSE;NA;NA;NA
2024-04-19T14:39:35Z;489;108;APARTMENT;NA;21006A515;NA
2024-04-19T14:39:35Z;459;116;APARTMENT;NA;21006A515;NA
2024-04-19T14:39:35Z;NA;NA;APARTMENT;NA;21006A515;NA
2024-04-19T14:39:35Z;1800;396;APARTMENT;12;21016A342;10+
2024-04-19T14:39:35Z;425;145;HOUSE;NA;NA;NA
2024-04-19T14:39:35Z;890;210;HOUSE;NA;NA;NA
2024-04-19T14:39:35Z;125;35;APARTMENT;1;NA;1
2024-04-19T14:39:35Z;518;130;APARTMENT;NA;NA;NA
2024-04-19T14:39:35Z;250;66;APARTMENT;NA;21013A01-;NA
2024-04-19T14:39:35Z;3495;695;HOUSE;7;NA;7
2024-04-19T14:39:35Z;900;430;HOUSE;NA;21015A51-;NA
2024-04-19T14:39:35Z;240;82;APARTMENT;NA;21010A141;NA
2024-04-19T14:39:35Z;1850;540;HOUSE;6;NA;6
2024-04-19T14:39:35Z;470;150;HOUSE;NA;21001A552;NA
2024-04-19T14:39:35Z;225;65;APARTMENT;NA;NA;NA
2024-04-19T14:39:35Z;225;65;APARTMENT;NA;NA;NA
2024-04-19T14:39:35Z;380;173;APARTMENT;NA;21008A10-;NA
2024-04-19T14:39:35Z;160;56;APARTMENT;NA;NA;NA
2024-04-19T14:39:35Z;174.5;68;APARTMENT;NA;21012A822;NA
2024-04-19T14:39:35Z;200;45;APARTMENT;NA;21009A72-;NA
2024-04-19T14:39:35Z;200;45;APARTMENT;NA;21004C52-;NA
2024-04-19T14:39:35Z;275;70;APARTMENT;NA;21016A85-;NA
2024-04-19T14:39:35Z;549;119;APARTMENT;NA;21004D631;NA
2024-04-19T14:39:35Z;1450;229;APARTMENT;4;NA;4
2024-04-19T14:39:42Z;1650;240;APARTMENT;4;NA;4
2024-04-19T14:39:42Z;1990;332;HOUSE;6;NA;6
2024-04-19T14:39:42Z;1650;275;APARTMENT;4;NA;4
2024-04-19T14:39:42Z;425;NA;HOUSE;NA;21012A152;NA
2024-04-19T14:39:42Z;325;65;APARTMENT;NA;21009A23-;NA
2024-04-19T14:39:42Z;395;100;APARTMENT;NA;NA;NA
2024-04-19T14:39:42Z;490;170;APARTMENT;11;NA;10+
2024-04-19T14:39:42Z;965;240;HOUSE;10;NA;10+
2024-04-19T14:39:42Z;445;92;APARTMENT;NA;21009A23-;NA
2024-04-19T14:39:42Z;248;80;APARTMENT;3;NA;3
2024-04-19T14:39:42Z;235;51;APARTMENT;NA;21004D631;NA
2024-04-19T14:39:42Z;NA;NA;APARTMENT;NA;21016A042;NA
2024-04-19T14:39:42Z;159.5;82;APARTMENT;NA;21015A44-;NA
2024-04-19T14:39:42Z;165;54;APARTMENT;4;NA;4
2024-04-19T14:39:42Z;385;105;APARTMENT;NA;NA;NA
2024-04-19T14:39:42Z;410;161;HOUSE;NA;NA;NA
2024-04-19T14:39:42Z;310;120;APARTMENT;7;NA;7
2024-04-19T14:39:42Z;295;90;APARTMENT;5;NA;5
2024-04-19T14:39:42Z;400;118;APARTMENT;NA;21016A901;NA
2024-04-19T14:39:42Z;1200;260;HOUSE;7;NA;7
2024-04-19T14:39:42Z;1390;191;HOUSE;6;NA;6
2024-04-19T14:39:42Z;380;NA;APARTMENT;3;NA;3
2024-04-19T14:39:42Z;162.5;65;APARTMENT;NA;21001A51-;NA
2024-04-19T14:39:42Z;219;56;APARTMENT;NA;21004A22-;NA
2024-04-19T14:39:42Z;340;90;APARTMENT;NA;21009A23-;NA
2024-04-19T14:39:42Z;219;70;APARTMENT;5;NA;5
2024-04-19T14:39:42Z;505;118;APARTMENT;NA;21005A20-;NA
2024-04-19T14:39:42Z;240;100;APARTMENT;NA;21008A20-;NA
2024-04-19T14:39:42Z;645;132;APARTMENT;4;NA;4
2024-04-19T14:39:42Z;350;210;HOUSE;NA;21001A80-;NA
2024-04-19T14:39:48Z;449;221;HOUSE;4;21015A30-;4
2024-04-19T14:39:48Z;895;300;HOUSE;NA;21003A00-;NA
2024-04-19T14:39:48Z;459;155;HOUSE;NA;21004F531;NA
2024-04-19T14:39:48Z;449;165;HOUSE;NA;21001A931;NA
2024-04-19T14:39:48Z;206;41;APARTMENT;NA;21006A23-;NA
2024-04-19T14:39:48Z;229;65;APARTMENT;NA;21004F953;NA
2024-04-19T14:39:48Z;209;75;APARTMENT;NA;21004F953;NA
2024-04-19T14:39:48Z;225;100;APARTMENT;NA;21004F953;NA
2024-04-19T14:39:48Z;324;103;APARTMENT;NA;NA;NA
2024-04-19T14:39:48Z;499;138;HOUSE;NA;21004E70-;NA
2024-04-19T14:39:48Z;215;71;APARTMENT;3;NA;3
2024-04-19T14:39:48Z;524;129;APARTMENT;NA;NA;NA
2024-04-19T14:39:48Z;569;280;HOUSE;NA;NA;NA
2024-04-19T14:39:48Z;349;74;APARTMENT;NA;NA;NA
2024-04-19T14:39:48Z;995;200;APARTMENT;NA;NA;NA
2024-04-19T14:39:48Z;1295;179;APARTMENT;NA;21016A102;NA
2024-04-19T14:39:48Z;1959;422;HOUSE;NA;NA;NA
2024-04-19T14:39:48Z;780;150;APARTMENT;NA;21004C54-;NA
2024-04-19T14:39:48Z;1270;NA;HOUSE;NA;NA;NA
2024-04-19T14:39:48Z;790;NA;HOUSE;NA;NA;NA
2024-04-19T14:39:48Z;175;46;APARTMENT;NA;NA;NA
2024-04-19T14:39:48Z;1790;528;HOUSE;NA;21005A14-;NA
2024-04-19T14:39:48Z;780;274;HOUSE;NA;21013A02-;NA
2024-04-19T14:39:48Z;330;75;APARTMENT;NA;NA;NA
2024-04-19T14:39:48Z;159;82;APARTMENT;NA;NA;NA
2024-04-19T14:39:48Z;219;92;APARTMENT;NA;NA;NA
2024-04-19T14:39:48Z;365;128;APARTMENT;NA;21004E83-;NA
2024-04-19T14:39:48Z;155;NA;APARTMENT;4;NA;4
2024-04-19T14:39:48Z;690;180;APARTMENT;NA;NA;NA
2024-04-19T14:39:48Z;285;75;APARTMENT;NA;21009A90-;NA
2024-04-19T14:39:55Z;299;95;APARTMENT;NA;21004E201;NA
2024-04-19T14:39:55Z;570;259;HOUSE;18;NA;10+
2024-04-19T14:39:55Z;439;200;HOUSE;NA;NA;NA
2024-04-19T14:39:55Z;439;200;HOUSE;NA;NA;NA
2024-04-19T14:39:55Z;295;80;APARTMENT;NA;21009A90-;NA
2024-04-19T14:39:55Z;1590;400;HOUSE;12;NA;10+
2024-04-19T14:39:55Z;290;105;APARTMENT;NA;21006A13-;NA
2024-04-19T14:39:55Z;265;50;APARTMENT;NA;NA;NA
2024-04-19T14:39:55Z;1485;472;HOUSE;NA;NA;NA
2024-04-19T14:39:55Z;259;109;APARTMENT;NA;NA;NA
2024-04-19T14:39:55Z;599;NA;HOUSE;NA;21016A701;NA
2024-04-19T14:39:55Z;1195;NA;HOUSE;NA;NA;NA
2024-04-19T14:39:55Z;370;100;APARTMENT;NA;21013A00-;NA
2024-04-19T14:39:55Z;475;130;APARTMENT;NA;NA;NA
2024-04-19T14:39:55Z;450;125;APARTMENT;NA;NA;NA
2024-04-19T14:39:55Z;1150;220;HOUSE;NA;NA;NA
2024-04-19T14:39:55Z;310;91;APARTMENT;NA;21002A10-;NA
2024-04-19T14:39:55Z;539;200;HOUSE;NA;21015A41-;NA
2024-04-19T14:39:55Z;1225;360;HOUSE;NA;21019A33-;NA
2024-04-19T14:39:55Z;379;135;APARTMENT;NA;NA;NA
2024-04-19T14:39:55Z;195;36;APARTMENT;NA;NA;NA
2024-04-19T14:39:55Z;249;85;APARTMENT;NA;NA;NA
2024-04-19T14:39:55Z;270;70;APARTMENT;NA;21016A00-;NA
2024-04-19T14:39:55Z;330;95;APARTMENT;NA;21016A64-;NA
2024-04-19T14:39:55Z;749;620;HOUSE;NA;21013A201;NA
2024-04-19T14:39:55Z;239;65;APARTMENT;NA;21001B21-;NA
2024-04-19T14:39:55Z;410;NA;HOUSE;NA;21009A53-;NA
2024-04-19T14:39:55Z;349;116;APARTMENT;NA;21006A403;NA
2024-04-19T14:39:55Z;990;390;HOUSE;NA;NA;NA
2024-04-19T14:39:55Z;415;115;APARTMENT;NA;NA;NA
2024-04-19T14:39:59Z;275;99;APARTMENT;NA;NA;NA
2024-04-19T14:39:59Z;295;77;APARTMENT;NA;21019A52-;NA
2024-04-19T14:39:59Z;219;NA;APARTMENT;NA;21001A112;NA
2024-04-19T14:39:59Z;372;90;APARTMENT;NA;NA;NA
2024-04-19T14:39:59Z;550;110;APARTMENT;NA;NA;NA
2024-04-19T14:39:59Z;275;74;APARTMENT;NA;21004F531;NA
2024-04-19T14:39:59Z;100;NA;APARTMENT;NA;21019A32-;NA
2024-04-19T14:39:59Z;450;108;APARTMENT;NA;21005A00-;NA
2024-04-19T14:39:59Z;150;50;APARTMENT;NA;21015A20-;NA
2024-04-19T14:39:59Z;175;74;APARTMENT;NA;21015A20-;NA
2024-04-19T14:39:59Z;685;NA;HOUSE;NA;NA;NA
2024-04-19T14:39:59Z;285;80;APARTMENT;NA;NA;NA
2024-04-19T14:39:59Z;650;320;HOUSE;NA;21004E70-;NA
2024-04-19T14:39:59Z;349;82;APARTMENT;3;21004A822;3
2024-04-19T14:39:59Z;200;88;APARTMENT;NA;NA;NA
2024-04-19T14:39:59Z;200;67;APARTMENT;NA;21008A00-;NA
2024-04-19T14:39:59Z;340;70;APARTMENT;NA;NA;NA
2024-04-19T14:39:59Z;319;80;APARTMENT;NA;NA;NA
2024-04-19T14:39:59Z;330;122;APARTMENT;NA;NA;NA
2024-04-19T14:39:59Z;2950;610;HOUSE;NA;NA;NA
2024-04-19T14:39:59Z;779;NA;HOUSE;NA;NA;NA
2024-04-19T14:39:59Z;240;65;APARTMENT;NA;NA;NA
2024-04-19T14:39:59Z;299;124;HOUSE;NA;21016A639;NA
2024-04-19T14:39:59Z;445;250;HOUSE;NA;NA;NA
2024-04-19T14:39:59Z;355;102;APARTMENT;6;NA;6
2024-04-19T14:39:59Z;990;390;HOUSE;NA;NA;NA
2024-04-19T14:39:59Z;795;180;HOUSE;4;21001C611;4
2024-04-19T14:39:59Z;439;200;HOUSE;NA;NA;NA
2024-04-19T14:39:59Z;265;60;APARTMENT;4;NA;4
2024-04-19T14:39:59Z;360;116;APARTMENT;NA;21018A41-;NA
2024-04-19T14:40:06Z;360;75;APARTMENT;NA;NA;NA
2024-04-19T14:40:06Z;459;260;HOUSE;NA;NA;NA
2024-04-19T14:40:06Z;325;55;APARTMENT;NA;21009A00-;NA
2024-04-19T14:40:06Z;1050;350;HOUSE;NA;21018A62-;NA
2024-04-19T14:40:06Z;299;86;APARTMENT;NA;NA;NA
2024-04-19T14:40:06Z;999;366;APARTMENT;NA;21012A60-;NA
2024-04-19T14:40:06Z;290;80;APARTMENT;NA;23098A04-;NA
2024-04-19T14:40:06Z;1120;220;APARTMENT;3;NA;3
2024-04-19T14:40:06Z;570;110;APARTMENT;NA;NA;NA
2024-04-19T14:40:06Z;430;95;APARTMENT;NA;21016A71-;NA
2024-04-19T14:40:06Z;999;330;APARTMENT;4;21012A60-;4
2024-04-19T14:40:06Z;399;168;HOUSE;NA;21001A30-;NA
2024-04-19T14:40:06Z;210;40;APARTMENT;NA;21009A73-;NA
2024-04-19T14:40:06Z;259;115;APARTMENT;8;NA;8
2024-04-19T14:40:06Z;155;53;APARTMENT;NA;21015A36-;NA
2024-04-19T14:40:06Z;155;53;APARTMENT;NA;21015A36-;NA
2024-04-19T14:40:06Z;320;80;APARTMENT;NA;21002A10-;NA
2024-04-19T14:40:06Z;255;39;APARTMENT;NA;21004A32-;NA
2024-04-19T14:40:06Z;310;91;APARTMENT;NA;NA;NA
2024-04-19T14:40:06Z;320;80;APARTMENT;NA;NA;NA
2024-04-19T14:40:06Z;320;80;APARTMENT;NA;NA;NA
2024-04-19T14:40:06Z;310;91;APARTMENT;NA;NA;NA
2024-04-19T14:40:06Z;290;80;APARTMENT;NA;21002A10-;NA
2024-04-19T14:40:06Z;310;91;APARTMENT;NA;21002A10-;NA
2024-04-19T14:40:06Z;320;80;APARTMENT;NA;21002A10-;NA
2024-04-19T14:40:06Z;325;100;HOUSE;NA;21017A000;NA
2024-04-19T14:40:06Z;299;83;APARTMENT;NA;NA;NA
2024-04-19T14:40:06Z;259;73;APARTMENT;NA;21007A071;NA
2024-04-19T14:40:06Z;239;96;APARTMENT;NA;21001B17-;NA
2024-04-19T14:40:06Z;995;199;APARTMENT;4;NA;4
2024-04-19T14:40:13Z;460;96;APARTMENT;NA;21019A02-;NA
2024-04-19T14:40:13Z;720;185;HOUSE;NA;NA;NA
2024-04-19T14:40:13Z;165;50;APARTMENT;NA;21004A811;NA
2024-04-19T14:40:13Z;449;441;HOUSE;NA;21004A3MJ;NA
2024-04-19T14:40:13Z;360;59;APARTMENT;NA;21009A111;NA
2024-04-19T14:40:13Z;559;204;APARTMENT;NA;21016A01-;NA
2024-04-19T14:40:13Z;200;50;APARTMENT;NA;21007A51-;NA
2024-04-19T14:40:13Z;295;60;APARTMENT;NA;NA;NA
2024-04-19T14:40:13Z;NA;NA;APARTMENT;NA;21004A32-;NA
2024-04-19T14:40:13Z;295;83;APARTMENT;NA;NA;NA
2024-04-19T14:40:13Z;470;81;APARTMENT;NA;21004A32-;NA
2024-04-19T14:40:13Z;615;109;APARTMENT;NA;21004A32-;NA
2024-04-19T14:40:13Z;995;146;APARTMENT;4;21002A14-;4
2024-04-19T14:40:13Z;450;120;HOUSE;NA;NA;NA
2024-04-19T14:40:13Z;995;145;APARTMENT;4;NA;4
2024-04-19T14:40:13Z;395;82;APARTMENT;NA;NA;NA
2024-04-19T14:40:13Z;95;40;APARTMENT;NA;21001B20-;NA
2024-04-19T14:40:13Z;215;37;APARTMENT;NA;NA;NA
2024-04-19T14:40:13Z;695;222;HOUSE;NA;21018A04-;NA
2024-04-19T14:40:13Z;299;95;APARTMENT;NA;21012A23-;NA
2024-04-19T14:40:13Z;169;80;APARTMENT;NA;NA;NA
2024-04-19T14:40:13Z;785;130;APARTMENT;NA;21004A24-;NA
2024-04-19T14:40:13Z;289;90;HOUSE;NA;21012A511;NA
2024-04-19T14:40:13Z;299;90;APARTMENT;NA;21006A403;NA
2024-04-19T14:40:13Z;295;NA;APARTMENT;NA;NA;NA
2024-04-19T14:40:13Z;1640;236;APARTMENT;NA;21009A73-;NA
2024-04-19T14:40:13Z;179.5;104;APARTMENT;NA;21014A05-;NA
2024-04-19T14:40:13Z;139.5;53;APARTMENT;NA;21014A05-;NA
2024-04-19T14:40:13Z;165;64;APARTMENT;NA;21014A05-;NA
2024-04-19T14:40:13Z;410;NA;APARTMENT;2;NA;2
2024-04-19T14:40:18Z;550;267;HOUSE;NA;21004B43-;NA
2024-04-19T14:40:18Z;199;67;APARTMENT;NA;21016A922;NA
2024-04-19T14:40:18Z;155;53;APARTMENT;NA;21015A36-;NA
2024-04-19T14:40:18Z;320;105;APARTMENT;NA;NA;NA
2024-04-19T14:40:18Z;379;90;APARTMENT;NA;NA;NA
2024-04-19T14:40:18Z;299;93;APARTMENT;NA;NA;NA
2024-04-19T14:40:18Z;289;70;APARTMENT;NA;NA;NA
2024-04-19T14:40:18Z;249;69;APARTMENT;NA;21004G30-;NA
2024-04-19T14:40:18Z;369;90;APARTMENT;NA;NA;NA
2024-04-19T14:40:18Z;219;80;APARTMENT;NA;NA;NA
2024-04-19T14:40:18Z;369;93;APARTMENT;NA;NA;NA
2024-04-19T14:40:18Z;240;72;APARTMENT;6;21013A23-;6
2024-04-19T14:40:18Z;270;70;APARTMENT;NA;NA;NA
2024-04-19T14:40:18Z;199;55;APARTMENT;NA;21013A51-;NA
2024-04-19T14:40:18Z;679;220;HOUSE;NA;NA;NA
2024-04-19T14:40:18Z;540;145;APARTMENT;NA;21009A151;NA
2024-04-19T14:40:18Z;400;100;APARTMENT;NA;NA;NA
2024-04-19T14:40:18Z;540;145;APARTMENT;NA;21009A151;NA
2024-04-19T14:40:18Z;540;145;APARTMENT;NA;21009A151;NA
2024-04-19T14:40:18Z;400;100;APARTMENT;NA;NA;NA
2024-04-19T14:40:18Z;540;145;APARTMENT;NA;21009A151;NA
2024-04-19T14:40:18Z;400;100;APARTMENT;NA;NA;NA
2024-04-19T14:40:18Z;400;100;APARTMENT;NA;NA;NA
2024-04-19T14:40:18Z;2200;400;HOUSE;6;NA;6
2024-04-19T14:40:18Z;370;110;HOUSE;NA;21002A11-;NA
2024-04-19T14:40:18Z;725;168;APARTMENT;NA;21016A82-;NA
2024-04-19T14:40:18Z;520;NA;HOUSE;NA;NA;NA
2024-04-19T14:40:18Z;745;280;HOUSE;NA;NA;NA
2024-04-19T14:40:18Z;199;66;APARTMENT;NA;21003A03-;NA
2024-04-19T14:40:22Z;199;66;APARTMENT;NA;21012A811;NA
2024-04-19T14:40:22Z;189;62;APARTMENT;NA;21003A03-;NA
2024-04-19T14:40:22Z;189;62;APARTMENT;NA;21012A811;NA
2024-04-19T14:40:22Z;1350;434;HOUSE;NA;21009A00-;NA
2024-04-19T14:40:22Z;575;130;APARTMENT;NA;21007A72-;NA
2024-04-19T14:40:22Z;390;130;HOUSE;NA;21010A05-;NA
2024-04-19T14:40:22Z;415;125;APARTMENT;NA;NA;NA
2024-04-19T14:40:22Z;399;97;APARTMENT;3;NA;3
2024-04-19T14:40:22Z;299.5;61;APARTMENT;NA;NA;NA
2024-04-19T14:40:22Z;439;200;HOUSE;NA;NA;NA
2024-04-19T14:40:22Z;390;107;APARTMENT;NA;21005A14-;NA
2024-04-19T14:40:22Z;1950;328;HOUSE;6;NA;6
2024-04-19T14:40:22Z;440;107;APARTMENT;NA;NA;NA
2024-04-19T14:40:22Z;150;27;APARTMENT;NA;21009A41-;NA
2024-04-19T14:40:22Z;NA;NA;APARTMENT;NA;NA;NA
2024-04-19T14:40:22Z;1990;332;HOUSE;10;NA;10+
2024-04-19T14:40:22Z;225;72;APARTMENT;2;21001A503;2
2024-04-19T14:40:22Z;1025;220;HOUSE;NA;NA;NA
2024-04-19T14:40:22Z;1950;350;HOUSE;6;21019A14-;6
2024-04-19T14:40:22Z;289;100;APARTMENT;NA;21003A05-;NA
2024-04-19T14:40:22Z;245;75;APARTMENT;NA;21006A001;NA
2024-04-19T14:40:22Z;519;113;APARTMENT;NA;21004A24-;NA
2024-04-19T14:40:22Z;995;198;APARTMENT;NA;NA;NA
2024-04-19T14:40:22Z;485;90;APARTMENT;NA;NA;NA
2024-04-19T14:40:22Z;220;97;APARTMENT;NA;NA;NA
2024-04-19T14:40:22Z;490;NA;HOUSE;NA;NA;NA
2024-04-19T14:40:22Z;149;46;APARTMENT;NA;21011A11-;NA
2024-04-19T14:40:22Z;259;130;HOUSE;NA;21001A332;NA
2024-04-19T14:40:22Z;145;55;APARTMENT;NA;21001A81-;NA
2024-04-19T14:40:22Z;695;252;HOUSE;NA;NA;NA
2024-04-19T14:40:27Z;399;210;HOUSE;NA;NA;NA
2024-04-19T14:40:27Z;250;98;APARTMENT;6;NA;6
2024-04-19T14:40:27Z;399;210;HOUSE;NA;NA;NA
2024-04-19T14:40:27Z;270;55;APARTMENT;NA;21009A22-;NA
2024-04-19T14:40:27Z;529;230;HOUSE;1;NA;1
2024-04-19T14:40:27Z;155;39;APARTMENT;3;NA;3
2024-04-19T14:40:27Z;270;80;APARTMENT;NA;21015A77-;NA
2024-04-19T14:40:27Z;325;87;APARTMENT;NA;21016A831;NA
2024-04-19T14:40:27Z;395;220;HOUSE;NA;21015A111;NA
2024-04-19T14:40:27Z;840;203;APARTMENT;NA;NA;NA
2024-04-19T14:40:27Z;415;95;APARTMENT;2;NA;2
2024-04-19T14:40:27Z;150;53;APARTMENT;NA;21012A672;NA
2024-04-19T14:40:27Z;140;53;APARTMENT;NA;21012A672;NA
2024-04-19T14:40:27Z;140;63;APARTMENT;NA;21012A672;NA
2024-04-19T14:40:27Z;170;78;APARTMENT;NA;21012A672;NA
2024-04-19T14:40:27Z;290;227;HOUSE;NA;21004A21-;NA
2024-04-19T14:40:27Z;220;109;APARTMENT;NA;21012A152;NA
2024-04-19T14:40:27Z;469;250;HOUSE;NA;NA;NA
2024-04-19T14:40:27Z;420;252;HOUSE;NA;21001B21-;NA
2024-04-19T14:40:27Z;275;100;APARTMENT;NA;NA;NA
2024-04-19T14:40:27Z;NA;NA;APARTMENT;NA;21002A43-;NA
2024-04-19T14:40:27Z;444;105;APARTMENT;NA;NA;NA
2024-04-19T14:40:27Z;639;NA;HOUSE;NA;NA;NA
2024-04-19T14:40:27Z;2200;650;HOUSE;NA;NA;NA
2024-04-19T14:40:27Z;2200;650;HOUSE;NA;NA;NA
2024-04-19T14:40:27Z;315;75;APARTMENT;NA;21017A624;NA
2024-04-19T14:40:27Z;350;90;APARTMENT;NA;NA;NA
2024-04-19T14:40:27Z;1300;NA;HOUSE;NA;21009A73-;NA
2024-04-19T14:40:27Z;215;91;APARTMENT;NA;21004E222;NA
2024-04-19T14:40:27Z;500;NA;HOUSE;NA;21018A84-;NA
2024-04-19T14:40:34Z;199;42;APARTMENT;2;NA;2
2024-04-19T14:40:34Z;360;93;APARTMENT;NA;NA;NA
2024-04-19T14:40:34Z;360;87;APARTMENT;NA;NA;NA
2024-04-19T14:40:34Z;195;74;HOUSE;4;NA;4
2024-04-19T14:40:34Z;640;253;HOUSE;NA;21016A102;NA
2024-04-19T14:40:34Z;365;100;APARTMENT;NA;NA;NA
2024-04-19T14:40:34Z;525;136;HOUSE;NA;NA;NA
2024-04-19T14:40:34Z;190;NA;APARTMENT;NA;NA;NA
2024-04-19T14:40:34Z;285;71;APARTMENT;NA;NA;NA
2024-04-19T14:40:34Z;280;191;APARTMENT;NA;NA;NA
2024-04-19T14:40:34Z;500;101;APARTMENT;NA;NA;NA
2024-04-19T14:40:34Z;450;107;APARTMENT;NA;NA;NA
2024-04-19T14:40:34Z;169;40;APARTMENT;NA;21005A02-;NA
2024-04-19T14:40:34Z;620;NA;HOUSE;5;21012A152;5
2024-04-19T14:40:34Z;320;85;APARTMENT;NA;NA;NA
2024-04-19T14:40:34Z;450;107;APARTMENT;NA;NA;NA
2024-04-19T14:40:34Z;250;105;APARTMENT;NA;NA;NA
2024-04-19T14:40:34Z;349;81;APARTMENT;NA;21019A10-;NA
2024-04-19T14:40:34Z;165;37;APARTMENT;NA;21004E81-;NA
2024-04-19T14:40:34Z;1050;360;HOUSE;5;NA;5
2024-04-19T14:40:34Z;365;76;APARTMENT;NA;21009A00-;NA
2024-04-19T14:40:34Z;425;110;APARTMENT;NA;21009A00-;NA
2024-04-19T14:40:34Z;475;100;APARTMENT;NA;21009A00-;NA
2024-04-19T14:40:34Z;180;36;APARTMENT;NA;21015A831;NA
2024-04-19T14:40:34Z;237;56;APARTMENT;NA;21015A831;NA
2024-04-19T14:40:34Z;521;149;HOUSE;NA;21004G30-;NA
2024-04-19T14:40:34Z;536;158;HOUSE;NA;21004G30-;NA
2024-04-19T14:40:34Z;536;158;HOUSE;NA;21004G30-;NA
2024-04-19T14:40:34Z;521;149;HOUSE;NA;21004G30-;NA
2024-04-19T14:40:34Z;529;222;HOUSE;NA;21003A00-;NA
2024-04-19T14:40:40Z;895;225;APARTMENT;NA;NA;NA
2024-04-19T14:40:40Z;630;135;APARTMENT;NA;NA;NA
2024-04-19T14:40:40Z;249;110;APARTMENT;NA;21012A84-;NA
2024-04-19T14:40:40Z;295;74;APARTMENT;NA;NA;NA
2024-04-19T14:40:40Z;320;105;APARTMENT;NA;21018A311;NA
2024-04-19T14:40:40Z;452.107;115;APARTMENT;NA;21016A731;NA
2024-04-19T14:40:40Z;510;150;HOUSE;NA;21013A13-;NA
2024-04-19T14:40:40Z;1890;330;HOUSE;5;NA;5
2024-04-19T14:40:40Z;295;130;APARTMENT;NA;21004B44-;NA
2024-04-19T14:40:40Z;275;139;APARTMENT;NA;21004B44-;NA
2024-04-19T14:40:40Z;195;69;APARTMENT;NA;21004B44-;NA
2024-04-19T14:40:40Z;1100;400;HOUSE;NA;NA;NA
2024-04-19T14:40:40Z;579;248;HOUSE;NA;NA;NA
2024-04-19T14:40:40Z;165;33;APARTMENT;NA;21004A811;NA
2024-04-19T14:40:40Z;935;180;APARTMENT;NA;21018A3MJ;NA
2024-04-19T14:40:40Z;935;180;APARTMENT;NA;21018A3MJ;NA
2024-04-19T14:40:40Z;755;649;HOUSE;3;NA;3
2024-04-19T14:40:40Z;105;32;APARTMENT;NA;21001A350;NA
2024-04-19T14:40:40Z;285;65;APARTMENT;NA;NA;NA
2024-04-19T14:40:40Z;270;62;APARTMENT;NA;21019A43-;NA
2024-04-19T14:40:40Z;179;73;APARTMENT;NA;NA;NA
2024-04-19T14:40:40Z;159;63;APARTMENT;NA;NA;NA
2024-04-19T14:40:40Z;145;55;APARTMENT;NA;NA;NA
2024-04-19T14:40:40Z;320;NA;APARTMENT;4;NA;4
2024-04-19T14:40:40Z;900;434;HOUSE;NA;21009A43-;NA
2024-04-19T14:40:40Z;900;434;HOUSE;NA;21009A43-;NA
2024-04-19T14:40:40Z;900;434;HOUSE;NA;21009A43-;NA
2024-04-19T14:40:40Z;655;240;HOUSE;NA;NA;NA
2024-04-19T14:40:40Z;159;75;APARTMENT;NA;NA;NA
2024-04-19T14:40:40Z;215;70;APARTMENT;NA;21004E222;NA
2024-04-19T14:40:46Z;259;85;APARTMENT;NA;NA;NA
2024-04-19T14:40:46Z;325;86;APARTMENT;NA;21018A35-;NA
2024-04-19T14:40:46Z;595;125;APARTMENT;NA;21009A00-;NA
2024-04-19T14:40:46Z;1050;NA;HOUSE;NA;21009A652;NA
2024-04-19T14:40:46Z;450;90;APARTMENT;NA;21009A00-;NA
2024-04-19T14:40:46Z;259;31;APARTMENT;NA;21009A73-;NA
2024-04-19T14:40:46Z;240;50;APARTMENT;NA;21004A33-;NA
2024-04-19T14:40:46Z;179;62;APARTMENT;NA;21003A03-;NA
2024-04-19T14:40:46Z;179;62;APARTMENT;NA;21012A811;NA
2024-04-19T14:40:46Z;180;75;APARTMENT;1;NA;1
2024-04-19T14:40:46Z;560;135;APARTMENT;NA;21004A811;NA
2024-04-19T14:40:46Z;420;115;APARTMENT;NA;NA;NA
2024-04-19T14:40:46Z;220;62;APARTMENT;NA;21004A34-;NA
2024-04-19T14:40:46Z;285;55;APARTMENT;1;21004A811;1
2024-04-19T14:40:46Z;445;143;APARTMENT;NA;NA;NA
2024-04-19T14:40:46Z;225;95;APARTMENT;NA;21012A26-;NA
2024-04-19T14:40:46Z;400;NA;APARTMENT;1;NA;1
2024-04-19T14:40:46Z;10;NA;APARTMENT;NA;NA;NA
2024-04-19T14:40:46Z;690;170;HOUSE;NA;21016A601;NA
2024-04-19T14:40:46Z;295;81;APARTMENT;NA;NA;NA
2024-04-19T14:40:46Z;1950;580;HOUSE;NA;NA;NA
2024-04-19T14:40:46Z;275;81;APARTMENT;NA;NA;NA
2024-04-19T14:40:46Z;305;75;APARTMENT;NA;NA;NA
2024-04-19T14:40:46Z;520;180;HOUSE;NA;21001B21-;NA
2024-04-19T14:40:46Z;190;103;APARTMENT;NA;NA;NA
2024-04-19T14:40:46Z;275;72;APARTMENT;NA;NA;NA
2024-04-19T14:40:46Z;270;90;APARTMENT;NA;NA;NA
2024-04-19T14:40:46Z;1195;290;APARTMENT;NA;NA;NA
2024-04-19T14:40:46Z;1195;290;APARTMENT;NA;NA;NA
2024-04-19T14:40:46Z;415;306;HOUSE;NA;21015A612;NA
2024-04-19T14:40:50Z;285;110;APARTMENT;2;21003A02-;2
2024-04-19T14:40:50Z;259;65;APARTMENT;NA;NA;NA
2024-04-19T14:40:50Z;398;90;APARTMENT;NA;NA;NA
2024-04-19T14:40:50Z;749;200;HOUSE;NA;NA;NA
2024-04-19T14:40:50Z;685;122;APARTMENT;NA;21002A43-;NA
2024-04-19T14:40:50Z;308;81;APARTMENT;NA;21004D6NJ;NA
2024-04-19T14:40:50Z;360;150;APARTMENT;NA;21009A33-;NA
2024-04-19T14:40:50Z;590;126;APARTMENT;NA;NA;NA
2024-04-19T14:40:50Z;675;140;HOUSE;NA;21016A701;NA
2024-04-19T14:40:50Z;225;92;APARTMENT;NA;21012A882;NA
2024-04-19T14:40:50Z;495;107;APARTMENT;NA;21004A811;NA
2024-04-19T14:40:50Z;610;170;APARTMENT;NA;NA;NA
2024-04-19T14:40:50Z;240;75;APARTMENT;NA;NA;NA
2024-04-19T14:40:50Z;655;240;HOUSE;NA;21016A44-;NA
2024-04-19T14:40:50Z;355;108;APARTMENT;NA;21010A03-;NA
2024-04-19T14:40:50Z;499;130;APARTMENT;NA;NA;NA
2024-04-19T14:40:50Z;349;128;APARTMENT;NA;21012A882;NA
2024-04-19T14:40:50Z;445;73;APARTMENT;NA;NA;NA
2024-04-19T14:40:50Z;255;47;APARTMENT;NA;NA;NA
2024-04-19T14:40:50Z;349;110;APARTMENT;NA;21009A20-;NA
2024-04-19T14:40:50Z;359;105;APARTMENT;5;NA;5
2024-04-19T14:40:50Z;590;145;HOUSE;NA;NA;NA
2024-04-19T14:40:50Z;220;50;APARTMENT;NA;NA;NA
2024-04-19T14:40:50Z;360;100;APARTMENT;NA;21017A000;NA
2024-04-19T14:40:50Z;825;260;HOUSE;NA;21016A82-;NA
2024-04-19T14:40:50Z;135;45;APARTMENT;NA;NA;NA
2024-04-19T14:40:50Z;219;84;APARTMENT;NA;NA;NA
2024-04-19T14:40:50Z;325;NA;HOUSE;NA;21004E72-;NA
2024-04-19T14:40:50Z;370;76;APARTMENT;NA;NA;NA
2024-04-19T14:40:50Z;370;76;APARTMENT;NA;NA;NA
2024-04-19T14:40:55Z;475;147;HOUSE;NA;21010A393;NA
2024-04-19T14:40:55Z;370;76;APARTMENT;NA;NA;NA
2024-04-19T14:40:55Z;195;31;APARTMENT;NA;21013A052;NA
2024-04-19T14:40:55Z;750;173;HOUSE;NA;21016A01-;NA
2024-04-19T14:40:55Z;365;173;HOUSE;NA;NA;NA
2024-04-19T14:40:55Z;225;50;APARTMENT;NA;21004D610;NA
2024-04-19T14:40:55Z;350;167;HOUSE;NA;NA;NA
2024-04-19T14:40:55Z;650;300;HOUSE;NA;21001A85-;NA
2024-04-19T14:40:55Z;245;75;APARTMENT;NA;NA;NA
2024-04-19T14:40:55Z;135;52;APARTMENT;6;NA;6
2024-04-19T14:40:55Z;269;58;APARTMENT;2;21004A02-;2
2024-04-19T14:40:55Z;370;109;APARTMENT;NA;21015A50-;NA
2024-04-19T14:40:55Z;215;42;APARTMENT;NA;NA;NA
2024-04-19T14:40:55Z;360;97;APARTMENT;NA;21016A214;NA
2024-04-19T14:40:55Z;2290;450;HOUSE;NA;NA;NA
2024-04-19T14:40:55Z;330;NA;APARTMENT;NA;NA;NA
2024-04-19T14:40:55Z;395;72;APARTMENT;NA;21009A53-;NA
2024-04-19T14:40:55Z;290;110;APARTMENT;7;NA;7
2024-04-19T14:40:55Z;338;86;APARTMENT;NA;NA;NA
2024-04-19T14:40:55Z;NA;NA;APARTMENT;NA;21003A312;NA
2024-04-19T14:40:55Z;365;68;APARTMENT;NA;NA;NA
2024-04-19T14:40:55Z;3700;842;HOUSE;8;NA;8
2024-04-19T14:40:55Z;299;NA;APARTMENT;NA;NA;NA
2024-04-19T14:40:55Z;1295;270;HOUSE;NA;21016A831;NA
2024-04-19T14:40:55Z;229;76;APARTMENT;NA;NA;NA
2024-04-19T14:40:55Z;310;80;APARTMENT;NA;NA;NA
2024-04-19T14:40:55Z;655;240;HOUSE;NA;NA;NA
2024-04-19T14:40:55Z;289;112;APARTMENT;NA;21003A10-;NA
2024-04-19T14:40:55Z;220;68;APARTMENT;NA;NA;NA
2024-04-19T14:40:55Z;215;54;APARTMENT;NA;NA;NA
2024-04-19T14:41:01Z;255;74;APARTMENT;NA;NA;NA
2024-04-19T14:41:01Z;220;80;APARTMENT;NA;21001A32-;NA
2024-04-19T14:41:01Z;550;238;HOUSE;NA;21015A35-;NA
2024-04-19T14:41:01Z;550;238;HOUSE;NA;21015A35-;NA
2024-04-19T14:41:01Z;725;230;HOUSE;NA;21004B43-;NA
2024-04-19T14:41:01Z;330;100;APARTMENT;NA;21018A04-;NA
2024-04-19T14:41:01Z;375;91;APARTMENT;NA;21007A071;NA
2024-04-19T14:41:01Z;449;121;APARTMENT;NA;21007A071;NA
2024-04-19T14:41:01Z;275;66;APARTMENT;NA;21007A071;NA
2024-04-19T14:41:01Z;499;81;APARTMENT;NA;21004C54-;NA
2024-04-19T14:41:01Z;625;116;APARTMENT;NA;21018A01-;NA
2024-04-19T14:41:01Z;875;265;HOUSE;NA;21016A03-;NA
2024-04-19T14:41:01Z;485;115;APARTMENT;NA;21018A43-;NA
2024-04-19T14:41:01Z;145;65;APARTMENT;NA;NA;NA
2024-04-19T14:41:01Z;237;88;APARTMENT;NA;NA;NA
2024-04-19T14:41:01Z;255;63;APARTMENT;NA;21001A472;NA
2024-04-19T14:41:01Z;235;98;APARTMENT;NA;21010A00-;NA
2024-04-19T14:41:01Z;625;150;APARTMENT;NA;NA;NA
2024-04-19T14:41:01Z;149;60;APARTMENT;NA;21008A00-;NA
2024-04-19T14:41:01Z;250;55;APARTMENT;NA;21016A64-;NA
2024-04-19T14:41:01Z;295;135;APARTMENT;10;21012A52-;10+
2024-04-19T14:41:01Z;320;82;APARTMENT;NA;NA;NA
2024-04-19T14:41:01Z;790;163;APARTMENT;5;NA;5
2024-04-19T14:41:01Z;549;140;HOUSE;NA;NA;NA
2024-04-19T14:41:01Z;595;140;HOUSE;NA;NA;NA
2024-04-19T14:41:01Z;198;75;APARTMENT;NA;NA;NA
2024-04-19T14:41:01Z;1390;304;HOUSE;NA;21004A34-;NA
2024-04-19T14:41:01Z;3950;760;HOUSE;20;NA;10+
2024-04-19T14:41:01Z;1295;284;APARTMENT;NA;NA;NA
2024-04-19T14:41:01Z;1390;284;APARTMENT;NA;NA;NA
2024-04-19T14:41:07Z;1250;650;HOUSE;7;NA;7
2024-04-19T14:41:07Z;200;86;APARTMENT;NA;21012A822;NA
2024-04-19T14:41:07Z;250;95;APARTMENT;NA;NA;NA
2024-04-19T14:41:07Z;800;298;HOUSE;NA;NA;NA
2024-04-19T14:41:07Z;350;NA;HOUSE;NA;NA;NA
2024-04-19T14:41:07Z;300;95;APARTMENT;NA;NA;NA
2024-04-19T14:41:07Z;460;221;HOUSE;NA;NA;NA
2024-04-19T14:41:07Z;1220;352;HOUSE;NA;NA;NA
2024-04-19T14:41:07Z;350;107;APARTMENT;NA;NA;NA
2024-04-19T14:41:07Z;995;300;HOUSE;NA;21016A81-;NA
2024-04-19T14:41:07Z;675;830;HOUSE;NA;21004A23-;NA
2024-04-19T14:41:07Z;600;225;HOUSE;NA;NA;NA
2024-04-19T14:41:07Z;229;76;APARTMENT;NA;21005A12-;NA
2024-04-19T14:41:07Z;265;88;APARTMENT;NA;NA;NA
2024-04-19T14:41:07Z;239;73;APARTMENT;2;NA;2
2024-04-19T14:41:07Z;295;80;APARTMENT;3;NA;3
2024-04-19T14:41:07Z;315;102;APARTMENT;3;NA;3
2024-04-19T14:41:07Z;385;150;HOUSE;NA;21001A34-;NA
2024-04-19T14:41:07Z;149;25;APARTMENT;1;21004A32-;1
2024-04-19T14:41:07Z;950;330;HOUSE;NA;NA;NA
2024-04-19T14:41:07Z;139;30;APARTMENT;NA;NA;NA
2024-04-19T14:41:07Z;185;66;APARTMENT;NA;NA;NA
2024-04-19T14:41:07Z;435;85;APARTMENT;3;21009A451;3
2024-04-19T14:41:07Z;480;320;HOUSE;3;21001A142;3
2024-04-19T14:41:07Z;275;115;APARTMENT;NA;NA;NA
2024-04-19T14:41:07Z;245;87;APARTMENT;NA;NA;NA
2024-04-19T14:41:07Z;375;140;HOUSE;NA;NA;NA
2024-04-19T14:41:07Z;499;115;APARTMENT;NA;21016A03-;NA
2024-04-19T14:41:07Z;598;220;HOUSE;NA;21004E74-;NA
2024-04-19T14:41:07Z;200;41;APARTMENT;NA;NA;NA
2024-04-19T14:41:12Z;650;210;HOUSE;NA;21016A533;NA
2024-04-19T14:41:12Z;675;376;HOUSE;NA;NA;NA
2024-04-19T14:41:12Z;250;75;APARTMENT;NA;21001A32-;NA
2024-04-19T14:41:12Z;269;NA;APARTMENT;NA;NA;NA
2024-04-19T14:41:12Z;NA;NA;APARTMENT;NA;21003A05-;NA
2024-04-19T14:41:12Z;299;78;APARTMENT;NA;NA;NA
2024-04-19T14:41:12Z;249;110;APARTMENT;NA;21011A11-;NA
2024-04-19T14:41:12Z;830;148;HOUSE;NA;NA;NA
2024-04-19T14:41:12Z;220;90;APARTMENT;NA;21015A30-;NA
2024-04-19T14:41:12Z;269;130;APARTMENT;NA;21015A30-;NA
2024-04-19T14:41:12Z;195;39;APARTMENT;NA;21004A24-;NA
2024-04-19T14:41:12Z;590;146;APARTMENT;NA;NA;NA
2024-04-19T14:41:12Z;580;160;HOUSE;NA;NA;NA
2024-04-19T14:41:12Z;699;180;APARTMENT;NA;21013A51-;NA
2024-04-19T14:41:12Z;195;43;APARTMENT;NA;21016A01-;NA
2024-04-19T14:41:12Z;695;306;HOUSE;NA;NA;NA
2024-04-19T14:41:12Z;285;81;APARTMENT;NA;NA;NA
2024-04-19T14:41:12Z;210;45;APARTMENT;NA;21016A01-;NA
2024-04-19T14:41:12Z;385;NA;APARTMENT;NA;NA;NA
2024-04-19T14:41:12Z;195;NA;APARTMENT;NA;NA;NA
2024-04-19T14:41:12Z;279;170;APARTMENT;9;NA;9
2024-04-19T14:41:12Z;320;104;APARTMENT;NA;NA;NA
2024-04-19T14:41:12Z;NA;NA;APARTMENT;NA;NA;NA
2024-04-19T14:41:12Z;875;265;HOUSE;NA;NA;NA
2024-04-19T14:41:12Z;265;102;APARTMENT;NA;21010A00-;NA
2024-04-19T14:41:12Z;750;298;HOUSE;NA;NA;NA
2024-04-19T14:41:12Z;459;100;APARTMENT;NA;NA;NA
2024-04-19T14:41:12Z;1595;271;APARTMENT;4;21016A342;4
2024-04-19T14:41:12Z;619;300;HOUSE;NA;21015A44-;NA
2024-04-19T14:41:12Z;95;22;APARTMENT;NA;21001A350;NA
2024-04-19T14:41:18Z;205;75;APARTMENT;NA;NA;NA
2024-04-19T14:41:18Z;169;50;APARTMENT;NA;21012A26-;NA
2024-04-19T14:41:18Z;398;93;APARTMENT;NA;21006A414;NA
2024-04-19T14:41:18Z;499;107;APARTMENT;NA;21004B2WJ;NA
2024-04-19T14:41:18Z;120;NA;APARTMENT;NA;21015A54-;NA
2024-04-19T14:41:18Z;1495;1000;HOUSE;NA;NA;NA
2024-04-19T14:41:18Z;289;98;APARTMENT;NA;NA;NA
2024-04-19T14:41:18Z;685;NA;HOUSE;NA;NA;NA
2024-04-19T14:41:18Z;449;173;HOUSE;NA;NA;NA
2024-04-19T14:41:18Z;149;52;APARTMENT;NA;NA;NA
2024-04-19T14:41:18Z;1350;260;APARTMENT;10;NA;10+
2024-04-19T14:41:18Z;1299;260;APARTMENT;NA;21009A82-;NA
2024-04-19T14:41:18Z;130;24;APARTMENT;NA;21004A32-;NA
2024-04-19T14:41:18Z;289;95;APARTMENT;NA;21012A23-;NA
2024-04-19T14:41:18Z;549;243;HOUSE;NA;21009A00-;NA
2024-04-19T14:41:18Z;695;220;HOUSE;NA;21002A01-;NA
2024-04-19T14:41:18Z;345;180;HOUSE;NA;23098A04-;NA
2024-04-19T14:41:18Z;570;152;APARTMENT;NA;NA;NA
2024-04-19T14:41:18Z;370;162;HOUSE;NA;NA;NA
2024-04-19T14:41:18Z;430;160;HOUSE;NA;NA;NA
2024-04-19T14:41:18Z;299;83;APARTMENT;NA;21006A052;NA
2024-04-19T14:41:18Z;599;213;APARTMENT;NA;NA;NA
2024-04-19T14:41:18Z;185;50;APARTMENT;NA;21018A41-;NA
2024-04-19T14:41:18Z;185;80;APARTMENT;NA;NA;NA
2024-04-19T14:41:18Z;499;273;HOUSE;NA;21015A03-;NA
2024-04-19T14:41:18Z;495;113;APARTMENT;NA;NA;NA
2024-04-19T14:41:18Z;275;80;APARTMENT;5;NA;5
2024-04-19T14:41:18Z;299;65;APARTMENT;NA;21017A230;NA
2024-04-19T14:41:18Z;255;96;APARTMENT;NA;21015A03-;NA
2024-04-19T14:41:18Z;659;147;APARTMENT;8;NA;8
2024-04-19T14:41:24Z;339;100;APARTMENT;3;NA;3
2024-04-19T14:41:24Z;290;110;APARTMENT;NA;21008A21-;NA
2024-04-19T14:41:24Z;375;85;APARTMENT;NA;NA;NA
2024-04-19T14:41:24Z;375;128;APARTMENT;NA;NA;NA
2024-04-19T14:41:24Z;260;106;APARTMENT;NA;21011A11-;NA
2024-04-19T14:41:24Z;285;90;APARTMENT;NA;21016A82-;NA
2024-04-19T14:41:24Z;295;95;APARTMENT;NA;21016A933;NA
2024-04-19T14:41:24Z;295;85;APARTMENT;NA;21016A02-;NA
2024-04-19T14:41:24Z;595;222;HOUSE;NA;21016A02-;NA
2024-04-19T14:41:24Z;249;NA;APARTMENT;4;21003A05-;4
2024-04-19T14:41:24Z;450;232;HOUSE;NA;21004D62-;NA
2024-04-19T14:41:24Z;900;220;APARTMENT;NA;NA;NA
2024-04-19T14:41:24Z;645;175;HOUSE;1;NA;1
2024-04-19T14:41:24Z;175;NA;APARTMENT;NA;NA;NA
2024-04-19T14:41:24Z;1350;260;APARTMENT;5;NA;5
2024-04-19T14:41:24Z;394.972;98;APARTMENT;NA;21016A731;NA
2024-04-19T14:41:24Z;447.279;109;APARTMENT;NA;21016A731;NA
2024-04-19T14:41:24Z;350.995;83;APARTMENT;NA;21016A731;NA
2024-04-19T14:41:24Z;348.028;80;APARTMENT;NA;21016A731;NA
2024-04-19T14:41:24Z;433.352;109;APARTMENT;NA;21016A731;NA
2024-04-19T14:41:24Z;630.74;130;APARTMENT;NA;21016A731;NA
2024-04-19T14:41:24Z;383;95;APARTMENT;NA;21016A731;NA
2024-04-19T14:41:24Z;547.567;130;APARTMENT;NA;21016A731;NA
2024-04-19T14:41:24Z;452.107;115;APARTMENT;NA;21016A731;NA
2024-04-19T14:41:24Z;372.921;95;APARTMENT;NA;21016A731;NA
2024-04-19T14:41:24Z;335.612;80;APARTMENT;NA;21016A731;NA
2024-04-19T14:41:24Z;495;151;APARTMENT;NA;NA;NA
2024-04-19T14:41:24Z;235;90;APARTMENT;NA;21012A822;NA
2024-04-19T14:41:24Z;850;232;HOUSE;NA;21009A21-;NA
2024-04-19T14:41:24Z;1199;409;HOUSE;NA;21009A21-;NA
2024-04-19T14:41:29Z;320;61;APARTMENT;NA;21009A21-;NA
2024-04-19T14:41:29Z;799;226;HOUSE;NA;21009A21-;NA
2024-04-19T14:41:29Z;810;137;APARTMENT;NA;21009A21-;NA
2024-04-19T14:41:29Z;320;44;APARTMENT;NA;21009A21-;NA
2024-04-19T14:41:29Z;380;61;APARTMENT;NA;21009A21-;NA
2024-04-19T14:41:29Z;430;72;APARTMENT;NA;21009A21-;NA
2024-04-19T14:41:29Z;780;155;APARTMENT;NA;21009A21-;NA
2024-04-19T14:41:29Z;425;83;APARTMENT;NA;21004A03-;NA
2024-04-19T14:41:29Z;382;133;APARTMENT;NA;21003A05-;NA
2024-04-19T14:41:29Z;360;121;APARTMENT;NA;21003A05-;NA
2024-04-19T14:41:29Z;148;42;APARTMENT;NA;21003A05-;NA
2024-04-19T14:41:29Z;341.5;64;APARTMENT;NA;21006A403;NA
2024-04-19T14:41:29Z;521;149;HOUSE;NA;21004G30-;NA
2024-04-19T14:41:29Z;561;156;HOUSE;NA;21004G30-;NA
2024-04-19T14:41:29Z;546;156;HOUSE;NA;21004G30-;NA
2024-04-19T14:41:29Z;536;157;HOUSE;NA;21004G30-;NA
2024-04-19T14:41:29Z;NA;NA;APARTMENT;NA;21007A071;NA
2024-04-19T14:41:29Z;NA;NA;APARTMENT;NA;21007A071;NA
2024-04-19T14:41:29Z;260;100;APARTMENT;NA;NA;NA
2024-04-19T14:41:29Z;219;55;APARTMENT;NA;21009A21-;NA
2024-04-19T14:41:29Z;450;116;APARTMENT;NA;NA;NA
2024-04-19T14:41:29Z;900;220;APARTMENT;NA;NA;NA
2024-04-19T14:41:29Z;645;132;APARTMENT;NA;NA;NA
2024-04-19T14:41:29Z;750;315;HOUSE;NA;NA;NA
2024-04-19T14:41:29Z;NA;NA;APARTMENT;NA;21007A071;NA
2024-04-19T14:41:29Z;152;17;APARTMENT;NA;21009A21-;NA
2024-04-19T14:41:29Z;160;36;APARTMENT;NA;21018A30-;NA
2024-04-19T14:41:29Z;349;109;APARTMENT;NA;21007A071;NA
2024-04-19T14:41:29Z;330;94;APARTMENT;NA;21007A071;NA
2024-04-19T14:41:29Z;259;72;APARTMENT;NA;21007A071;NA
2024-04-19T14:41:33Z;530;115;HOUSE;NA;NA;NA
2024-04-19T14:41:33Z;475;153;APARTMENT;NA;21015A54-;NA
2024-04-19T14:41:33Z;1500;345;HOUSE;NA;21016A12-;NA
2024-04-19T14:41:33Z;1500;345;HOUSE;7;21016A12-;7
2024-04-19T14:41:33Z;189;46;APARTMENT;NA;21007A071;NA
2024-04-19T14:41:33Z;225;55;APARTMENT;NA;NA;NA
2024-04-19T14:41:33Z;1225;337;HOUSE;NA;NA;NA
2024-04-19T14:41:33Z;523.5;105;APARTMENT;NA;21002A39-;NA
2024-04-19T14:41:33Z;1095;300;HOUSE;7;21019A10-;7
2024-04-19T14:41:33Z;325;100;APARTMENT;NA;21007A239;NA
2024-04-19T14:41:33Z;149;53;APARTMENT;NA;NA;NA
2024-04-19T14:41:33Z;470;108;APARTMENT;NA;NA;NA
2024-04-19T14:41:33Z;310;102;APARTMENT;NA;21007A242;NA
2024-04-19T14:41:33Z;240;59;APARTMENT;NA;21018A643;NA
2024-04-19T14:41:33Z;314.9;80;APARTMENT;NA;NA;NA
2024-04-19T14:41:33Z;250;126;APARTMENT;NA;21012A50-;NA
2024-04-19T14:41:33Z;NA;NA;APARTMENT;NA;21007A071;NA
2024-04-19T14:41:33Z;335;95;APARTMENT;NA;21019A441;NA
2024-04-19T14:41:33Z;990;279;HOUSE;6;21009A33-;6
2024-04-19T14:41:33Z;495;241;HOUSE;NA;21001A72-;NA
2024-04-19T14:41:33Z;625;150;APARTMENT;NA;NA;NA
2024-04-19T14:41:33Z;229;NA;APARTMENT;8;21012A152;8
2024-04-19T14:41:33Z;750;150;APARTMENT;NA;21016A322;NA
2024-04-19T14:41:33Z;429;98;APARTMENT;NA;NA;NA
2024-04-19T14:41:33Z;698;132;APARTMENT;NA;21002A43-;NA
2024-04-19T14:41:33Z;185;60;APARTMENT;NA;21004A811;NA
2024-04-19T14:41:33Z;600;165;APARTMENT;NA;21016A225;NA
2024-04-19T14:41:33Z;235;51;APARTMENT;NA;21013A11-;NA
2024-04-19T14:41:33Z;259;63;APARTMENT;4;NA;4
2024-04-19T14:41:33Z;269;95;APARTMENT;10;21011A01-;10+
2024-04-19T14:41:40Z;250;50;APARTMENT;NA;21012A52-;NA
2024-04-19T14:41:40Z;199;90;APARTMENT;NA;21010A02-;NA
2024-04-19T14:41:40Z;179;60;APARTMENT;NA;21010A02-;NA
2024-04-19T14:41:40Z;298;82;APARTMENT;NA;NA;NA
2024-04-19T14:41:40Z;270;85;APARTMENT;NA;21010A10-;NA
2024-04-19T14:41:40Z;685;252;HOUSE;NA;21016A03-;NA
2024-04-19T14:41:40Z;540;230;HOUSE;NA;21016A01-;NA
2024-04-19T14:41:40Z;395;NA;APARTMENT;NA;NA;NA
2024-04-19T14:41:40Z;3500;600;HOUSE;NA;NA;NA
2024-04-19T14:41:40Z;139;71;APARTMENT;NA;NA;NA
2024-04-19T14:41:40Z;315;100;APARTMENT;NA;NA;NA
2024-04-19T14:41:40Z;1150;220;APARTMENT;NA;21009A42-;NA
2024-04-19T14:41:40Z;259;125;APARTMENT;7;NA;7
2024-04-19T14:41:40Z;595;250;HOUSE;5;21001A00-;5
2024-04-19T14:41:40Z;1850;450;HOUSE;NA;NA;NA
2024-04-19T14:41:40Z;845;172;APARTMENT;NA;NA;NA
2024-04-19T14:41:40Z;210;40;APARTMENT;NA;21007A73-;NA
2024-04-19T14:41:40Z;105;50;APARTMENT;NA;NA;NA
2024-04-19T14:41:40Z;279;NA;APARTMENT;NA;NA;NA
2024-04-19T14:41:40Z;145;17;APARTMENT;NA;21009A21-;NA
2024-04-19T14:41:40Z;199;78;APARTMENT;3;NA;3
2024-04-19T14:41:40Z;295;142;APARTMENT;NA;21012A00-;NA
2024-04-19T14:41:40Z;875;330;HOUSE;NA;21018A20-;NA
2024-04-19T14:41:40Z;1675;360;HOUSE;15;NA;10+
2024-04-19T14:41:40Z;695;150;HOUSE;NA;21016A342;NA
2024-04-19T14:41:40Z;259;65;APARTMENT;NA;NA;NA
2024-04-19T14:41:40Z;930;296;HOUSE;NA;21007A101;NA
2024-04-19T14:41:40Z;725;143;HOUSE;NA;NA;NA
2024-04-19T14:41:40Z;149;50;APARTMENT;NA;21004A811;NA
2024-04-19T14:41:40Z;3600;650;HOUSE;NA;NA;NA
2024-04-19T14:41:46Z;715;220;HOUSE;NA;NA;NA
2024-04-19T14:41:46Z;199;65;APARTMENT;9;NA;9
2024-04-19T14:41:46Z;235;55;APARTMENT;NA;21015A73-;NA
2024-04-19T14:41:46Z;275;NA;APARTMENT;NA;NA;NA
2024-04-19T14:41:46Z;371;124;APARTMENT;9;NA;9
2024-04-19T14:41:46Z;1225;337;HOUSE;NA;NA;NA
2024-04-19T14:41:46Z;245;44;APARTMENT;NA;21009A72-;NA
2024-04-19T14:41:46Z;169;84;APARTMENT;NA;21001A41-;NA
2024-04-19T14:41:46Z;265;97;APARTMENT;NA;21003A0AJ;NA
2024-04-19T14:41:46Z;635;250;HOUSE;NA;NA;NA
2024-04-19T14:41:46Z;195;40;APARTMENT;NA;21007A70-;NA
2024-04-19T14:41:46Z;255;NA;APARTMENT;NA;NA;NA
2024-04-19T14:41:46Z;129;41;APARTMENT;NA;21004E222;NA
2024-04-19T14:41:46Z;360;125;HOUSE;NA;21009A33-;NA
2024-04-19T14:41:46Z;410;90;APARTMENT;NA;NA;NA
2024-04-19T14:41:46Z;790;174;HOUSE;3;21016A00-;3
2024-04-19T14:41:46Z;1395;278;HOUSE;5;21009A13-;5
2024-04-19T14:41:46Z;289;112;HOUSE;NA;21001A34-;NA
2024-04-19T14:41:46Z;890;200;APARTMENT;NA;NA;NA
2024-04-19T14:41:46Z;565;140;APARTMENT;NA;NA;NA
2024-04-19T14:41:46Z;155;64;APARTMENT;NA;21015A231;NA
2024-04-19T14:41:46Z;169;76;APARTMENT;NA;21015A231;NA
2024-04-19T14:41:46Z;270;NA;APARTMENT;NA;NA;NA
2024-04-19T14:41:46Z;499;167;HOUSE;NA;NA;NA
2024-04-19T14:41:46Z;500;142;APARTMENT;NA;NA;NA
2024-04-19T14:41:46Z;795;150;APARTMENT;NA;21009A23-;NA
2024-04-19T14:41:46Z;205;50;APARTMENT;NA;21013A11-;NA
2024-04-19T14:41:46Z;585;150;APARTMENT;NA;NA;NA
2024-04-19T14:41:46Z;786;229;HOUSE;NA;NA;NA
2024-04-19T14:41:46Z;794;238;HOUSE;NA;NA;NA
2024-04-19T14:41:52Z;814;244;HOUSE;NA;NA;NA
2024-04-19T14:41:52Z;198;90;APARTMENT;NA;NA;NA
2024-04-19T14:41:52Z;400;118;APARTMENT;NA;21016A901;NA
2024-04-19T14:41:52Z;195;85;APARTMENT;7;NA;7
2024-04-19T14:41:52Z;269;83;APARTMENT;3;21015A883;3
2024-04-19T14:41:52Z;1050;145;APARTMENT;NA;NA;NA
2024-04-19T14:41:52Z;530;182;APARTMENT;NA;21016A85-;NA
2024-04-19T14:41:52Z;675;258;HOUSE;NA;21016A912;NA
2024-04-19T14:41:52Z;575;140;APARTMENT;NA;21002A030;NA
2024-04-19T14:41:52Z;165;41;APARTMENT;2;NA;2
2024-04-19T14:41:52Z;225;90;APARTMENT;NA;21010A111;NA
2024-04-19T14:41:52Z;155;42;APARTMENT;NA;21007A60-;NA
2024-04-19T14:41:52Z;512;188;APARTMENT;NA;21004A21-;NA
2024-04-19T14:41:52Z;499;107;APARTMENT;NA;21004B2WJ;NA
2024-04-19T14:41:52Z;3250;1250;HOUSE;NA;NA;NA
2024-04-19T14:41:52Z;229;80;APARTMENT;8;NA;8
2024-04-19T14:41:52Z;449;130;APARTMENT;NA;21010A05-;NA
2024-04-19T14:41:52Z;495;125;APARTMENT;NA;NA;NA
2024-04-19T14:41:52Z;240;59;APARTMENT;NA;21018A643;NA
2024-04-19T14:41:52Z;599;110;HOUSE;NA;NA;NA
2024-04-19T14:41:52Z;349;115;APARTMENT;NA;21015A622;NA
2024-04-19T14:41:52Z;1150;330;HOUSE;NA;NA;NA
2024-04-19T14:41:52Z;590;165;APARTMENT;NA;21016A12-;NA
2024-04-19T14:41:52Z;1195;215;APARTMENT;NA;21018A3MJ;NA
2024-04-19T14:41:52Z;155;62;APARTMENT;NA;21001B22-;NA
2024-04-19T14:41:52Z;155;62;APARTMENT;NA;21001B22-;NA
2024-04-19T14:41:52Z;165;66;APARTMENT;NA;21001B22-;NA
2024-04-19T14:41:52Z;220;51;APARTMENT;NA;21007A52-;NA
2024-04-19T14:41:52Z;645;171;APARTMENT;NA;21002A45-;NA
2024-04-19T14:41:52Z;1280;327;HOUSE;NA;21002A45-;NA
2024-04-19T14:41:58Z;512;188;APARTMENT;NA;21004A21-;NA
2024-04-19T14:41:58Z;415;110;APARTMENT;NA;21002A45-;NA
2024-04-19T14:41:58Z;220;46;APARTMENT;NA;21002A45-;NA
2024-04-19T14:41:58Z;520;227;HOUSE;NA;NA;NA
2024-04-19T14:41:58Z;149;60;APARTMENT;NA;NA;NA
2024-04-19T14:41:58Z;369;79;APARTMENT;NA;NA;NA
2024-04-19T14:41:58Z;369;79;APARTMENT;NA;NA;NA
2024-04-19T14:41:58Z;230;50;APARTMENT;NA;NA;NA
2024-04-19T14:41:58Z;395;82;APARTMENT;2;NA;2
2024-04-19T14:41:58Z;680;304;HOUSE;NA;21015A30-;NA
2024-04-19T14:41:58Z;545;240;HOUSE;NA;NA;NA
2024-04-19T14:41:58Z;545;240;APARTMENT;NA;NA;NA
2024-04-19T14:41:58Z;549;288;HOUSE;NA;NA;NA
2024-04-19T14:41:58Z;1150;340;HOUSE;NA;NA;NA
2024-04-19T14:41:58Z;489;138;HOUSE;5;NA;5
2024-04-19T14:41:58Z;845;300;HOUSE;NA;NA;NA
2024-04-19T14:41:58Z;255;85;APARTMENT;NA;21004F901;NA
2024-04-19T14:41:58Z;615;200;APARTMENT;NA;21016A85-;NA
2024-04-19T14:41:58Z;420;110;APARTMENT;NA;NA;NA
2024-04-19T14:41:58Z;895;204;HOUSE;NA;21015A831;NA
2024-04-19T14:41:58Z;345;77;APARTMENT;6;NA;6
2024-04-19T14:41:58Z;260;88;APARTMENT;NA;21004E74-;NA
2024-04-19T14:41:58Z;235;83;APARTMENT;NA;21003A02-;NA
2024-04-19T14:41:58Z;229;80;APARTMENT;NA;21015A00-;NA
2024-04-19T14:41:58Z;400;132;HOUSE;NA;NA;NA
2024-04-19T14:41:58Z;1150;265;HOUSE;6;NA;6
2024-04-19T14:41:58Z;875;300;HOUSE;NA;21005A13-;NA
2024-04-19T14:41:58Z;2195;500;HOUSE;NA;21007A72-;NA
2024-04-19T14:41:58Z;239;72;APARTMENT;NA;21001A441;NA
2024-04-19T14:41:58Z;120;55;APARTMENT;NA;NA;NA
2024-04-19T14:42:04Z;275;90;APARTMENT;NA;NA;NA
2024-04-19T14:42:04Z;290;130;APARTMENT;NA;NA;NA
2024-04-19T14:42:04Z;279;100;APARTMENT;1;NA;1
2024-04-19T14:42:04Z;375;135;APARTMENT;8;NA;8
2024-04-19T14:42:04Z;275;60;APARTMENT;5;NA;5
2024-04-19T14:42:04Z;450;100;APARTMENT;NA;NA;NA
2024-04-19T14:42:04Z;395;NA;APARTMENT;NA;NA;NA
2024-04-19T14:42:04Z;645;135;HOUSE;NA;NA;NA
2024-04-19T14:42:04Z;239;75;APARTMENT;NA;NA;NA
2024-04-19T14:42:04Z;420;118;APARTMENT;NA;NA;NA
2024-04-19T14:42:04Z;470;130;APARTMENT;NA;NA;NA
2024-04-19T14:42:04Z;1385;501;HOUSE;NA;21016A02-;NA
2024-04-19T14:42:04Z;585;210;HOUSE;NA;NA;NA
2024-04-19T14:42:04Z;310;71;APARTMENT;NA;NA;NA
2024-04-19T14:42:04Z;497.5;82;APARTMENT;NA;NA;NA
2024-04-19T14:42:04Z;355;97;APARTMENT;8;NA;8
2024-04-19T14:42:04Z;270;72;APARTMENT;NA;NA;NA
2024-04-19T14:42:04Z;550;158;APARTMENT;1;NA;1
2024-04-19T14:42:04Z;245;65;APARTMENT;NA;21004A02-;NA
2024-04-19T14:42:04Z;315;80;APARTMENT;NA;NA;NA
2024-04-19T14:42:04Z;460;65;APARTMENT;NA;21004C552;NA
2024-04-19T14:42:04Z;845;200;HOUSE;NA;NA;NA
2024-04-19T14:42:04Z;420;135;APARTMENT;NA;NA;NA
2024-04-19T14:42:04Z;495;150;APARTMENT;NA;21015A22-;NA
2024-04-19T14:42:04Z;360;84;APARTMENT;NA;21015A22-;NA
2024-04-19T14:42:04Z;355;84;APARTMENT;NA;21015A22-;NA
2024-04-19T14:42:04Z;350;84;APARTMENT;NA;21015A22-;NA
2024-04-19T14:42:04Z;470;139;APARTMENT;NA;21009A72-;NA
2024-04-19T14:42:04Z;985;200;HOUSE;NA;NA;NA
2024-04-19T14:42:04Z;985;200;HOUSE;NA;NA;NA
2024-04-19T14:42:08Z;760;285;HOUSE;NA;21004E12-;NA
2024-04-19T14:42:08Z;155;80;APARTMENT;6;21012A511;6
2024-04-19T14:42:08Z;545;160;HOUSE;12;21001C6PB;10+
2024-04-19T14:42:08Z;212;75;APARTMENT;NA;NA;NA
2024-04-19T14:42:08Z;985;200;HOUSE;NA;NA;NA
2024-04-19T14:42:08Z;985;200;HOUSE;NA;NA;NA
2024-04-19T14:42:08Z;235;80;APARTMENT;NA;21006A22-;NA
2024-04-19T14:42:08Z;590;209;HOUSE;NA;NA;NA
2024-04-19T14:42:08Z;225;70;APARTMENT;NA;NA;NA
2024-04-19T14:42:08Z;145;50;APARTMENT;NA;NA;NA
2024-04-19T14:42:08Z;510;318;HOUSE;NA;21001B21-;NA
2024-04-19T14:42:08Z;229;75;APARTMENT;NA;NA;NA
2024-04-19T14:42:08Z;1180;102;APARTMENT;1;21007A239;1
2024-04-19T14:42:08Z;185;50;APARTMENT;NA;NA;NA
2024-04-19T14:42:08Z;499;230;HOUSE;NA;21001A941;NA
2024-04-19T14:42:08Z;210;144;APARTMENT;NA;NA;NA
2024-04-19T14:42:08Z;1200;274;HOUSE;NA;NA;NA
2024-04-19T14:42:08Z;1675;540;APARTMENT;10;NA;10+
2024-04-19T14:42:08Z;1475;420;APARTMENT;8;NA;8
2024-04-19T14:42:08Z;735;210;HOUSE;NA;NA;NA
2024-04-19T14:42:08Z;639;266;HOUSE;NA;21010A01-;NA
2024-04-19T14:42:08Z;350;56;APARTMENT;NA;21004B2MJ;NA
2024-04-19T14:42:08Z;275;70;APARTMENT;NA;21004A22-;NA
2024-04-19T14:42:08Z;630;300;HOUSE;NA;NA;NA
2024-04-19T14:42:08Z;295;102;APARTMENT;1;21007A239;1
2024-04-19T14:42:08Z;495;120;APARTMENT;NA;NA;NA
2024-04-19T14:42:08Z;295;80;APARTMENT;NA;21004A822;NA
2024-04-19T14:42:08Z;189;40;APARTMENT;NA;NA;NA
2024-04-19T14:42:08Z;210;71;APARTMENT;NA;21004A21-;NA
2024-04-19T14:42:08Z;277;77;APARTMENT;NA;NA;NA
2024-04-19T14:42:12Z;220;98;APARTMENT;NA;21008A20-;NA
2024-04-19T14:42:12Z;599;346;HOUSE;NA;21001A72-;NA
2024-04-19T14:42:12Z;265;54;APARTMENT;NA;21004A811;NA
2024-04-19T14:42:12Z;420;69;APARTMENT;NA;21004A811;NA
2024-04-19T14:42:12Z;400;88;APARTMENT;NA;21004A811;NA
2024-04-19T14:42:12Z;470;104;APARTMENT;NA;21004A811;NA
2024-04-19T14:42:12Z;600;117;APARTMENT;NA;21004A811;NA
2024-04-19T14:42:12Z;600;117;APARTMENT;NA;21004A811;NA
2024-04-19T14:42:12Z;470;104;APARTMENT;NA;21004A811;NA
2024-04-19T14:42:12Z;400;88;APARTMENT;NA;21004A811;NA
2024-04-19T14:42:12Z;420;69;APARTMENT;NA;21004A811;NA
2024-04-19T14:42:12Z;410;68;APARTMENT;NA;21004A811;NA
2024-04-19T14:42:12Z;265;54;APARTMENT;NA;21004A811;NA
2024-04-19T14:42:12Z;NA;NA;APARTMENT;NA;21004A811;NA
2024-04-19T14:42:12Z;189;46;APARTMENT;NA;21007A071;NA
2024-04-19T14:42:12Z;179;30;APARTMENT;NA;21004A822;NA
2024-04-19T14:42:12Z;299;105;APARTMENT;NA;NA;NA
2024-04-19T14:42:12Z;199;85;APARTMENT;NA;NA;NA
2024-04-19T14:42:12Z;499;227;HOUSE;NA;NA;NA
2024-04-19T14:42:12Z;1190;350;HOUSE;6;NA;6
2024-04-19T14:42:12Z;1190;350;HOUSE;6;NA;6
2024-04-19T14:42:12Z;835;203;APARTMENT;NA;21016A322;NA
2024-04-19T14:42:12Z;285;70;APARTMENT;NA;21016A03-;NA
2024-04-19T14:42:12Z;475;100;APARTMENT;NA;21009A73-;NA
2024-04-19T14:42:12Z;329;144;APARTMENT;NA;21012A30-;NA
2024-04-19T14:42:12Z;690;177;APARTMENT;NA;21016A82-;NA
2024-04-19T14:42:12Z;420;150;APARTMENT;NA;NA;NA
2024-04-19T14:42:12Z;450;125;APARTMENT;NA;21016A02-;NA
2024-04-19T14:42:12Z;299;96;APARTMENT;NA;21016A02-;NA
2024-04-19T14:42:12Z;595;150;HOUSE;NA;21018A82-;NA
2024-04-19T14:42:18Z;495;89;APARTMENT;NA;21009A21-;NA
2024-04-19T14:42:18Z;810;137;APARTMENT;NA;21009A21-;NA
2024-04-19T14:42:18Z;320;44;APARTMENT;NA;21009A21-;NA
2024-04-19T14:42:18Z;325;75;APARTMENT;NA;21018A35-;NA
2024-04-19T14:42:18Z;670;192;APARTMENT;NA;NA;NA
2024-04-19T14:42:18Z;499;290;HOUSE;NA;NA;NA
2024-04-19T14:42:18Z;499;290;HOUSE;NA;NA;NA
2024-04-19T14:42:18Z;499;290;HOUSE;NA;NA;NA
2024-04-19T14:42:18Z;249;NA;APARTMENT;NA;NA;NA
2024-04-19T14:42:18Z;175;50;APARTMENT;4;21012A882;4
2024-04-19T14:42:18Z;249;60;APARTMENT;NA;21009A20-;NA
2024-04-19T14:42:18Z;249;60;APARTMENT;NA;21009A20-;NA
2024-04-19T14:42:18Z;249;75;APARTMENT;NA;21009A20-;NA
2024-04-19T14:42:18Z;249;75;APARTMENT;NA;21009A20-;NA
2024-04-19T14:42:18Z;275;75;APARTMENT;NA;21009A20-;NA
2024-04-19T14:42:18Z;349;110;APARTMENT;NA;21009A20-;NA
2024-04-19T14:42:18Z;170;37;APARTMENT;2;21004G310;2
2024-04-19T14:42:18Z;309;106;APARTMENT;NA;21010A121;NA
2024-04-19T14:42:18Z;385;151;HOUSE;NA;21011A20-;NA
2024-04-19T14:42:18Z;690;177;APARTMENT;NA;21016A82-;NA
2024-04-19T14:42:18Z;275;110;APARTMENT;NA;21004B44-;NA
2024-04-19T14:42:18Z;399;275;HOUSE;NA;21001B25-;NA
2024-04-19T14:42:18Z;399;139;APARTMENT;NA;21001B3MJ;NA
2024-04-19T14:42:18Z;365;80;APARTMENT;NA;NA;NA
2024-04-19T14:42:18Z;169;50;APARTMENT;NA;NA;NA
2024-04-19T14:42:18Z;198;45;APARTMENT;NA;NA;NA
2024-04-19T14:42:18Z;315;80;APARTMENT;7;NA;7
2024-04-19T14:42:18Z;995;NA;HOUSE;NA;21004A33-;NA
2024-04-19T14:42:18Z;445;197;HOUSE;NA;21007A01-;NA
2024-04-19T14:42:18Z;415;93;APARTMENT;NA;NA;NA
2024-04-19T14:42:24Z;425;113;APARTMENT;NA;NA;NA
2024-04-19T14:42:24Z;425;113;APARTMENT;NA;NA;NA
2024-04-19T14:42:24Z;160;44;APARTMENT;NA;21018A87-;NA
2024-04-19T14:42:24Z;695;150;HOUSE;NA;21016A342;NA
2024-04-19T14:42:24Z;360;118;APARTMENT;NA;21016A85-;NA
2024-04-19T14:42:24Z;359;143;HOUSE;NA;21004E14-;NA
2024-04-19T14:42:24Z;199;43;APARTMENT;NA;21004B44-;NA
2024-04-19T14:42:24Z;375;87;APARTMENT;NA;NA;NA
2024-04-19T14:42:24Z;250;89;APARTMENT;NA;21003A10-;NA
2024-04-19T14:42:24Z;230;48;APARTMENT;NA;NA;NA
2024-04-19T14:42:24Z;495;133;APARTMENT;NA;21004C52-;NA
2024-04-19T14:42:24Z;365;135;APARTMENT;NA;NA;NA
2024-04-19T14:42:24Z;2350;385;APARTMENT;5;NA;5
2024-04-19T14:42:24Z;790;190;HOUSE;9;NA;9
2024-04-19T14:42:24Z;295;102;APARTMENT;1;21007A239;1
2024-04-19T14:42:24Z;149;83;APARTMENT;NA;21006A13-;NA
2024-04-19T14:42:24Z;599;250;HOUSE;NA;21010A05-;NA
2024-04-19T14:42:24Z;665;130;APARTMENT;NA;21004A14-;NA
2024-04-19T14:42:24Z;415;155;HOUSE;NA;21003A342;NA
2024-04-19T14:42:24Z;189;41;APARTMENT;NA;21009A13-;NA
2024-04-19T14:42:24Z;179;41;APARTMENT;NA;21009A13-;NA
2024-04-19T14:42:24Z;199;46;APARTMENT;NA;21018A72-;NA
2024-04-19T14:42:24Z;395;169;APARTMENT;NA;NA;NA
2024-04-19T14:42:24Z;395;169;APARTMENT;NA;21004A811;NA
2024-04-19T14:42:24Z;375;170;APARTMENT;NA;21004A811;NA
2024-04-19T14:42:24Z;1175;234;HOUSE;NA;NA;NA
2024-04-19T14:42:24Z;1175;234;HOUSE;NA;NA;NA
2024-04-19T14:42:24Z;750;330;HOUSE;NA;NA;NA
2024-04-19T14:42:24Z;189;NA;APARTMENT;1;NA;1
2024-04-19T14:42:24Z;199;69;APARTMENT;NA;NA;NA
2024-04-19T14:42:30Z;795;325;HOUSE;NA;21015A111;NA
2024-04-19T14:42:30Z;522;NA;HOUSE;NA;NA;NA
2024-04-19T14:42:30Z;310;120;APARTMENT;NA;NA;NA
2024-04-19T14:42:30Z;269;90;APARTMENT;NA;NA;NA
2024-04-19T14:42:30Z;1455;320;HOUSE;NA;NA;NA
2024-04-19T14:42:30Z;299;146;APARTMENT;NA;NA;NA
2024-04-19T14:42:30Z;249;116;APARTMENT;NA;NA;NA
2024-04-19T14:42:30Z;800;280;HOUSE;NA;NA;NA
2024-04-19T14:42:30Z;800;280;HOUSE;NA;NA;NA
2024-04-19T14:42:30Z;295;140;APARTMENT;NA;NA;NA
2024-04-19T14:42:30Z;379;180;HOUSE;NA;NA;NA
2024-04-19T14:42:30Z;440;225;HOUSE;NA;NA;NA
2024-04-19T14:42:30Z;800;280;HOUSE;NA;NA;NA
2024-04-19T14:42:30Z;250;135;APARTMENT;NA;NA;NA
2024-04-19T14:42:30Z;249;116;APARTMENT;NA;NA;NA
2024-04-19T14:42:30Z;299;146;APARTMENT;NA;NA;NA
2024-04-19T14:42:30Z;329;130;APARTMENT;NA;NA;NA
2024-04-19T14:42:30Z;275;90;APARTMENT;NA;NA;NA
2024-04-19T14:42:30Z;329;130;APARTMENT;NA;NA;NA
2024-04-19T14:42:30Z;315;95;APARTMENT;NA;NA;NA
2024-04-19T14:42:30Z;800;280;HOUSE;NA;NA;NA
2024-04-19T14:42:30Z;490;220;HOUSE;NA;NA;NA
2024-04-19T14:42:30Z;250;135;APARTMENT;NA;NA;NA
2024-04-19T14:42:30Z;255;88;APARTMENT;NA;NA;NA
2024-04-19T14:42:30Z;159;65;APARTMENT;NA;NA;NA
2024-04-19T14:42:30Z;395;190;APARTMENT;NA;NA;NA
2024-04-19T14:42:30Z;395;190;APARTMENT;NA;NA;NA
2024-04-19T14:42:30Z;370;135;APARTMENT;NA;NA;NA
2024-04-19T14:42:30Z;560;100;APARTMENT;NA;NA;NA
2024-04-19T14:42:30Z;560;100;APARTMENT;NA;NA;NA
2024-04-19T14:42:34Z;1850;1200;HOUSE;NA;NA;NA
2024-04-19T14:42:34Z;950;400;HOUSE;NA;NA;NA
2024-04-19T14:42:34Z;455;98;APARTMENT;NA;NA;NA
2024-04-19T14:42:34Z;450;90;APARTMENT;NA;NA;NA
2024-04-19T14:42:34Z;610;130;APARTMENT;NA;NA;NA
2024-04-19T14:42:34Z;455;98;APARTMENT;NA;NA;NA
2024-04-19T14:42:34Z;550;138;APARTMENT;NA;NA;NA
2024-04-19T14:42:34Z;365;80;APARTMENT;NA;NA;NA
2024-04-19T14:42:34Z;450;90;APARTMENT;NA;NA;NA
2024-04-19T14:42:34Z;220;70;APARTMENT;NA;NA;NA
2024-04-19T14:42:34Z;1995;540;HOUSE;NA;NA;NA
2024-04-19T14:42:34Z;550;138;APARTMENT;NA;NA;NA
2024-04-19T14:42:34Z;305;75;APARTMENT;NA;NA;NA
2024-04-19T14:42:34Z;465;130;HOUSE;NA;NA;NA
2024-04-19T14:42:34Z;195;85;APARTMENT;NA;21013A422;NA
2024-04-19T14:42:34Z;130;37;APARTMENT;NA;21006A13-;NA
2024-04-19T14:42:34Z;199;95;APARTMENT;NA;21001A031;NA
2024-04-19T14:42:34Z;349;104;APARTMENT;4;NA;4
2024-04-19T14:42:34Z;290;80;APARTMENT;NA;NA;NA
2024-04-19T14:42:34Z;160;37;APARTMENT;NA;21016A02-;NA
2024-04-19T14:42:34Z;1190;234;APARTMENT;NA;21016A111;NA
2024-04-19T14:42:34Z;675;265;HOUSE;NA;21004A04-;NA
2024-04-19T14:42:34Z;399;100;APARTMENT;NA;NA;NA
2024-04-19T14:42:34Z;1395;280;HOUSE;NA;21009A13-;NA
2024-04-19T14:42:34Z;185;63;APARTMENT;NA;NA;NA
2024-04-19T14:42:34Z;199;60;APARTMENT;5;NA;5
2024-04-19T14:42:34Z;299;120;APARTMENT;NA;21004E211;NA
2024-04-19T14:42:34Z;339;105;APARTMENT;NA;NA;NA
2024-04-19T14:42:34Z;483.5;130;APARTMENT;NA;NA;NA
2024-04-19T14:42:34Z;465;98;APARTMENT;NA;NA;NA
2024-04-19T14:42:40Z;1850;560;HOUSE;6;NA;6
2024-04-19T14:42:40Z;295;96;APARTMENT;NA;21009A53-;NA
2024-04-19T14:42:40Z;205;50;APARTMENT;NA;21013A11-;NA
2024-04-19T14:42:40Z;449;95;APARTMENT;NA;21009A451;NA
2024-04-19T14:42:40Z;370;120;HOUSE;NA;21014A05-;NA
2024-04-19T14:42:40Z;139;44;APARTMENT;NA;NA;NA
2024-04-19T14:42:40Z;159;40;APARTMENT;NA;21011A12-;NA
2024-04-19T14:42:40Z;149;44;APARTMENT;NA;21015A101;NA
2024-04-19T14:42:40Z;139;44;APARTMENT;NA;21015A101;NA
2024-04-19T14:42:40Z;155;44;APARTMENT;NA;21015A101;NA
2024-04-19T14:42:40Z;725;263;HOUSE;NA;21015A01-;NA
2024-04-19T14:42:40Z;215;58;APARTMENT;NA;NA;NA
2024-04-19T14:42:40Z;375;62;APARTMENT;NA;NA;NA
2024-04-19T14:42:40Z;535;91;APARTMENT;NA;NA;NA
2024-04-19T14:42:40Z;890;144;APARTMENT;NA;NA;NA
2024-04-19T14:42:40Z;1050;130;APARTMENT;4;NA;4
2024-04-19T14:42:40Z;1600;188;APARTMENT;4;NA;4
2024-04-19T14:42:40Z;345;70;APARTMENT;NA;21016A410;NA
2024-04-19T14:42:40Z;920;250;HOUSE;NA;21010A1AJ;NA
2024-04-19T14:42:40Z;650;147;APARTMENT;6;NA;6
2024-04-19T14:42:40Z;265;100;APARTMENT;NA;NA;NA
2024-04-19T14:42:40Z;770;188;APARTMENT;NA;21004B2MJ;NA
2024-04-19T14:42:40Z;325;85;APARTMENT;NA;21009A00-;NA
2024-04-19T14:42:40Z;785;175;HOUSE;NA;NA;NA
2024-04-19T14:42:40Z;665;130;APARTMENT;NA;NA;NA
2024-04-19T14:42:40Z;590;150;HOUSE;NA;21018A14-;NA
2024-04-19T14:42:40Z;359;120;APARTMENT;NA;21004E73-;NA
2024-04-19T14:42:40Z;359;120;APARTMENT;NA;21004E73-;NA
2024-04-19T14:42:40Z;175;36;APARTMENT;NA;NA;NA
2024-04-19T14:42:40Z;159;102;APARTMENT;NA;21012A672;NA
2024-04-19T14:42:45Z;220;81;APARTMENT;NA;NA;NA
2024-04-19T14:42:45Z;430;NA;APARTMENT;4;NA;4
2024-04-19T14:42:45Z;550;137;APARTMENT;NA;NA;NA
2024-04-19T14:42:45Z;450;196;HOUSE;NA;21011A01-;NA
2024-04-19T14:42:45Z;229;NA;APARTMENT;2;NA;2
2024-04-19T14:42:45Z;185;NA;APARTMENT;NA;NA;NA
2024-04-19T14:42:45Z;499;163;APARTMENT;NA;21010A00-;NA
2024-04-19T14:42:45Z;263.5;85;APARTMENT;NA;NA;NA
2024-04-19T14:42:45Z;320;90;APARTMENT;7;21017A432;7
2024-04-19T14:42:45Z;429;210;HOUSE;NA;21004E72-;NA
2024-04-19T14:42:45Z;239;95;APARTMENT;NA;NA;NA
2024-04-19T14:42:45Z;NA;NA;APARTMENT;NA;NA;NA
2024-04-19T14:42:45Z;NA;NA;HOUSE;NA;NA;NA
2024-04-19T14:42:45Z;650;190;APARTMENT;NA;NA;NA
2024-04-19T14:42:45Z;1920;1200;HOUSE;NA;21004A23-;NA
2024-04-19T14:42:45Z;680;304;HOUSE;NA;21015A30-;NA
2024-04-19T14:42:45Z;365;110;APARTMENT;NA;NA;NA
2024-04-19T14:42:45Z;450;176;HOUSE;NA;21003A10-;NA
2024-04-19T14:42:45Z;240;94;APARTMENT;NA;21004F922;NA
2024-04-19T14:42:45Z;329;190;HOUSE;NA;21003A323;NA
2024-04-19T14:42:45Z;130;62;APARTMENT;NA;21015A612;NA
2024-04-19T14:42:45Z;269;102;APARTMENT;NA;21004F91-;NA
2024-04-19T14:42:45Z;299;102;APARTMENT;NA;21004F91-;NA
2024-04-19T14:42:45Z;485;101;HOUSE;NA;21004A03-;NA
2024-04-19T14:42:45Z;765;157;HOUSE;NA;21004A03-;NA
2024-04-19T14:42:45Z;582.5;133;HOUSE;NA;21004A03-;NA
2024-04-19T14:42:45Z;340;63;APARTMENT;NA;21004A03-;NA
2024-04-19T14:42:45Z;260;40;APARTMENT;NA;21004A03-;NA
2024-04-19T14:42:45Z;340;80;APARTMENT;NA;21015A22-;NA
2024-04-19T14:42:45Z;220;78;APARTMENT;NA;NA;NA
2024-04-19T14:42:51Z;390;230;HOUSE;NA;21015A45-;NA
2024-04-19T14:42:51Z;365;155;APARTMENT;NA;21016A00-;NA
2024-04-19T14:42:51Z;285;84;APARTMENT;NA;NA;NA
2024-04-19T14:42:51Z;429;105;APARTMENT;NA;21012A732;NA
2024-04-19T14:42:51Z;429;105;APARTMENT;NA;21012A732;NA
2024-04-19T14:42:51Z;380;131;APARTMENT;NA;21004A25-;NA
2024-04-19T14:42:51Z;1800;380;HOUSE;NA;NA;NA
2024-04-19T14:42:51Z;1950;390;HOUSE;6;21019A14-;6
2024-04-19T14:42:51Z;1850;510;HOUSE;9;21013A031;9
2024-04-19T14:42:51Z;1850;510;HOUSE;9;21013A031;9
2024-04-19T14:42:51Z;950;254;APARTMENT;NA;NA;NA
2024-04-19T14:42:51Z;1800;380;HOUSE;7;NA;7
2024-04-19T14:42:51Z;139;25;APARTMENT;NA;21006A272;NA
2024-04-19T14:42:51Z;995;325;HOUSE;7;NA;7
2024-04-19T14:42:51Z;425;145;APARTMENT;NA;NA;NA
2024-04-19T14:42:51Z;415;180;HOUSE;NA;NA;NA
2024-04-19T14:42:51Z;149;51;APARTMENT;NA;21001A031;NA
2024-04-19T14:42:51Z;599;220;HOUSE;NA;NA;NA
2024-04-19T14:42:51Z;229;71;APARTMENT;NA;21015A22-;NA
2024-04-19T14:42:51Z;160;56;APARTMENT;NA;NA;NA
2024-04-19T14:42:51Z;700;195;APARTMENT;NA;21016A225;NA
2024-04-19T14:42:51Z;250;75;APARTMENT;NA;21017A212;NA
2024-04-19T14:42:51Z;299;90;APARTMENT;9;21004F522;9
2024-04-19T14:42:51Z;249;106;APARTMENT;10;21012A26-;10+
2024-04-19T14:42:51Z;229;NA;APARTMENT;6;NA;6
2024-04-19T14:42:51Z;549;250;HOUSE;NA;NA;NA
2024-04-19T14:42:51Z;195;61;APARTMENT;4;NA;4
2024-04-19T14:42:51Z;450;195;HOUSE;NA;NA;NA
2024-04-19T14:42:51Z;865;300;HOUSE;NA;NA;NA
2024-04-19T14:42:51Z;395;80;APARTMENT;NA;21009A041;NA
2024-04-19T14:42:55Z;645;213;APARTMENT;NA;21016A00-;NA
2024-04-19T14:42:55Z;220;85;APARTMENT;NA;NA;NA
2024-04-19T14:42:55Z;495;117;APARTMENT;NA;21007A72-;NA
2024-04-19T14:42:55Z;155;65;APARTMENT;NA;21012A141;NA
2024-04-19T14:42:55Z;245;110;APARTMENT;NA;21012A141;NA
2024-04-19T14:42:55Z;215;144;APARTMENT;NA;21012A141;NA
2024-04-19T14:42:55Z;NA;NA;HOUSE;NA;21004A03-;NA
2024-04-19T14:42:55Z;1080;350;HOUSE;NA;21009A101;NA
2024-04-19T14:42:55Z;569;351;HOUSE;NA;21015A101;NA
2024-04-19T14:42:55Z;1295;179;APARTMENT;4;21016A102;4
2024-04-19T14:42:55Z;NA;NA;APARTMENT;NA;21016A102;NA
2024-04-19T14:42:55Z;2400;600;HOUSE;NA;NA;NA
2024-04-19T14:42:55Z;280;120;APARTMENT;NA;21004E222;NA
2024-04-19T14:42:55Z;190;77;APARTMENT;NA;NA;NA
2024-04-19T14:42:55Z;170;65;APARTMENT;NA;NA;NA
2024-04-19T14:42:55Z;628;150;HOUSE;NA;NA;NA
2024-04-19T14:42:55Z;185;36;APARTMENT;NA;NA;NA
2024-04-19T14:42:55Z;395;80;APARTMENT;NA;21009A041;NA
2024-04-19T14:42:55Z;580;180;APARTMENT;NA;21005A02-;NA
2024-04-19T14:42:55Z;149;70;APARTMENT;NA;21001A41-;NA
2024-04-19T14:42:55Z;195;70;APARTMENT;NA;21001B11-;NA
2024-04-19T14:42:55Z;218;44;APARTMENT;NA;NA;NA
2024-04-19T14:42:55Z;3490;850;HOUSE;NA;NA;NA
2024-04-19T14:42:55Z;695;261;HOUSE;NA;NA;NA
2024-04-19T14:42:55Z;475;125;APARTMENT;NA;21007A50-;NA
